ticker,fiscalDateEnding,totalRevenue,grossProfit,operatingIncome,researchAndDevelopment,operatingExpenses,netIncome,ebit,ebitda,depreciationAndAmortization,reportedEPS,estimatedEPS,surprise,surprisePercentage,totalAssets,totalLiabilities,cashAndCashEquivalentsAtCarryingValue,shortTermDebt,longTermDebt,totalShareholderEquity,retainedEarnings,commonStockSharesOutstanding,currentNetReceivables,inventory,currentAccountsPayable,operatingCashflow,capitalExpenditures,dividendPayout,proceedsFromRepurchaseOfEquity,cashflowNetIncome,revenueGrowthPct,netIncomeMarginPct,epsSurprisePct,freeCashFlow,debtToEquityRatio,totalDebt,cashRatio,rdIntensityPct,buybackRatio,marketCap,peRatio,psRatio
ACN,2025-08-31,17596260000,5610934000,2049691000,,3561243000,1413963000,2141478000,2900410000,758932000,2.25,2.98,-0.73,-24.4966,65394897000,33153930000,11478729000,843487000,,31195446000,21018731000,629418129,14985073000,,2695589000,3914147000,107915000,924352000,-473888000,1413963000,-0.7423959707288041,8.035588244320099,-24.496644295302016,4022062000,1.0627810867009242,843487000.0,13.608661425724403,,0.3351487980944339,161701340759.27734,114.36037630353647,9.189528954407207
ACN,2025-05-31,17727871000,5826650000,2982782000,,2843868000,2197501000,3018740000,3310745000,292005000,3.49,3.32,0.17,5.1205,63362028000,31812514000,9631607000,839342000,5035975000.0,30554725000,26450228000,630457000,15100877000,,2678917000,3684366000,169107000,923894000,-1799527000,2243963000,6.414254715729073,12.395741146807758,5.120481927710855,3853473000,1.041165122579241,5875317000.0,11.475187706560614,,0.818897010740837,184984409667.96875,84.17944277066029,10.434665824676227
ACN,2025-02-28,16659301000,4974988000,2244714000,,2730274000,1788075000,2353443000,2714304000,360861000,2.82,2.79,0.03,1.0753,59869756000,29687808000,8490438000,806337000,5042111000.0,29246053000,25209996000,634212000,14281294000,,2614866000,2853400000,170812000,928992000,-1447818000,1822441000,-5.824027695455136,10.733193427503352,1.0752688172042941,3024212000,1.015104773283424,5848448000.0,10.529639592378869,,0.8097076464913384,214623996643.0664,120.03075745875671,12.883133370545764
ACN,2024-11-30,17689545000,5822829000,2948477000,,2874352000,2278894000,2985287000,3203710000,218423000,3.59,3.42,0.17,4.9708,59868070000,29765647000,8306055000,824285000,5039460000.0,29190495000,24402568000,634656410,14574637000,,2579165000,1022486000,152205000,925558000,-898264000,2316190000,7.824821180826147,12.882716881638279,4.970760233918127,1174691000,1.0197034000279885,5863745000.0,10.076678575977969,,0.39416664399485013,215733338806.1523,94.66580666154385,12.195527855925764
ACN,2024-08-31,16405819000,5337456000,2353668000,,2983788000,1684301000,2355396000,2662666000,307270000,2.79,2.77,0.02,0.722,55932363000,26764115000,5004469000,1672431000,78628000.0,28288646000,23082423000,633883000,13664847000,,2743807000,3389431000,213636000,807869000,-628430000,1718666000,-0.3704963700355668,10.266485324505895,0.7220216606498201,3603067000,0.94610802510661,1751059000.0,2.992332120129321,,0.3731102694827112,208848895202.63672,123.99737054281671,12.730171849551475
ACN,2024-05-31,16466828000,5508614000,2630865000,,2867586000,1932183000,2665704000,2936933000,271229000,3.13,3.16,-0.03,-0.9494,54141319000,25521577000,5537217000,2290509000,68878000.0,27744489000,22242224000,635607597,13199388000,1.0,2251330000,3142002000,124117000,810976000,-1383242000,1981348000,4.223636246026308,11.73378989566175,-0.9493670886076028,3266119000,0.9198791514956358,2359387000.0,2.4174613590254395,,0.7158959580950666,182275118286.1328,94.33636373269654,11.069230715601863
ACN,2024-02-29,15799514000,4878469000,2046427000,,2832042000,1674859000,2106044000,2453531000,347487000,2.77,2.66,0.11,4.1353,51307471000,23351047000,5121107000,793694000,71635000.0,27122853000,21151637000,636797814,13080504000,1.0,2228446000,2101043000,109823000,812578000,-1321846000,1709202000,-2.618226496386311,10.600699489870385,4.135338345864657,2210866000,0.8609362370544131,865329000.0,6.452243559860602,,0.7892282275702014,219617004455.5664,131.1256675669811,13.900237972862103
ACN,2023-11-30,16224303000,5447941000,2564887000,,2883054000,1973444000,2631148000,2974515000,343367000,3.27,3.13,0.14,4.4728,51531354000,24854603000,7140841000,788447000,42309000.0,26676751000,20429413000,637398361,121563000,,2574700000,498551000,68933000,810056000,-1191128000,1973444000,1.4957773440432476,12.163505575555387,4.472843450479237,567484000,0.9316952802835697,830756000.0,9.056843389600061,,0.6035783128378611,201064138488.76953,101.88489690549594,12.392775115748858
ACN,2023-08-31,15985200000,5181629000,1912920000,1298657000.0,3268709000,1372963000,1976530000,2352266000,375736000,2.71,2.63,0.08,3.0418,51245305000,24786712000,9045032000,795227000,43093000.0,25692839000,19316224000,639249070,12227186000,,2491173000,3409388000,180294000,706063000,-1004553000,1408212000,-3.4977332664838823,8.58896354127568,3.041825095057037,3589682000,0.9647323131554283,838320000.0,11.37415102857423,8.124121061982335,0.7316679327847874,189454465209.96097,137.98949076556394,11.851867052646258
ACN,2023-05-31,16564585000,5529070000,2359288000,,3169782000,2009996000,2642889000,3001236000,358347000,3.15,3.0,0.15,5.0,50128275000,24066346000,8535446000,700973000,43865000.0,25332431000,18692118000,638743434,12582660000,,2388474000,3289371000,141500000,707742000,-788937000,2048335000,4.745285838171087,12.134297357887323,4.9999999999999964,3430871000,0.9500211803596741,744838000.0,12.176568855005828,,0.39250675125721646,183208175231.9336,91.14852727663816,11.06023333708231
ACN,2023-02-28,15814158000,4834766000,1944581000,,2890185000,1523648000,1958540000,2301654000,343114000,2.39,2.5,-0.11,-4.4,47727289000,23270011000,6238787000,711385000,45155000.0,23762619000,17500001000,637735390,12499168000,1.0,2470896000,2330111000,107548000,708022000,-1118211000,1550683000,0.4213667405775112,9.63470834172771,-4.399999999999995,2437659000,0.9792696251200257,756540000.0,8.769916430624766,,0.7339037625488302,165784563476.5625,108.80765339275378,10.48330005786982
ACN,2022-11-30,15747802000,5186142000,2593100000,,2593042000,1964950000,2608898000,2932456000,323558000,3.08,2.93,0.15,5.1195,47115774000,23449824000,5899703000,717293000,45122000.0,22974611000,16981432000,638766821,12610353000,1.0,2417777000,495398000,98830000,705567000,-1418702000,1996300000,2.1016158555403397,12.477614336273723,5.119453924914672,594228000,1.0206842675159984,762415000.0,8.224955492385957,,0.7220041222422963,167919214782.71484,85.45724562086305,10.663025530973455
ACN,2022-08-31,15423656000,4946057000,2268189000,1123296000.0,2677868000,1665128000,2257832000,2597448000,339616000,2.6,2.57,0.03,1.1673,47263390000,24516302000,7889833000,716773000,45893000.0,22106097000,18203842000,640914760,11776775000,,2559485000,3790110000,177051000,613080000,-605487000,1692385000,-4.549513970805885,10.79593580147275,1.1673151750972859,3967161000,1.1090289706048064,762666000.0,11.007436105991715,7.282942513759385,0.3636279012784603,170616357727.05078,102.46440977933875,11.061991899135379
ACN,2022-05-31,16158803000,5314734000,2603118000,,2711616000,1786075000,2506674000,2835221000,328547000,2.9,2.83,0.07,2.4735,46095198000,24083475000,6703568000,742573000,51546000.0,21389094000,17177358000,641004741,12219074000,,2384352000,3064655000,194616000,613785000,-972171000,1819316000,7.391059284588319,11.053263041823087,2.473498233215542,3259271000,1.1259698517384606,794119000.0,9.02748685987775,,0.5443058102263343,175905388793.9453,98.48712332569758,10.886040803514055
ACN,2022-02-28,15046693000,4523959000,2061580000,,2462379000,1634942000,2061666000,2395700000,334034000,2.54,2.37,0.17,7.173,44317837000,23160858000,5466116000,737473000,52152000.0,20560023000,16028399000,644127093,11590876000,,2229221000,2155493000,164660000,616583000,-1693354000,1657529000,0.5448657958926351,10.865789579145398,7.172995780590714,2320153000,1.126499615297123,789625000.0,7.411954064758981,,1.035727261272877,198165426391.60156,121.20639532876491,13.170031872890712
ACN,2021-11-30,14965153000,4916789000,2434294000,,2482495000,1791024000,2417315000,2725856000,308541000,2.78,2.63,0.15,5.7034,43674743000,22736085000,5637117000,747374000,55884000.0,20353199000,15110688000,644922661,11120401000,,2210163000,530871000,181671000,613208000,-845366000,1819730000,11.519757686028553,11.967963174182048,5.703422053231936,712542000,1.1170767307881184,803258000.0,7.542565034373687,,0.4720014918839725,209667054504.39453,117.06546339099562,14.010351548319923
ACN,2021-08-31,13419284000,4466216000,1958689000,1118320000.0,2507527000,1416248000,1930782000,2211522000,280740000,2.2,2.19,0.01,0.4566,43175843000,23078729000,8168174000,756244000,53473000.0,19529454000,13988748000,645287973,9728212000,,2274057000,2436432000,236295000,557930000,-914648000,1437423000,1.1722813870389315,10.553826865874512,0.4566210045662206,2672727000,1.1817395919005211,809717000.0,10.80097693337071,8.333678607591882,0.6458247425592127,186952494506.8359,132.0054782120334,13.93162962396771
ACN,2021-05-31,13263795000,4404384000,2118656000,,2285728000,1549426000,2122740000,2406639000,283899000,2.4,2.24,0.16,7.1429,42124884000,22230920000,10009380000,742728000,61629000.0,19342845000,15004281000,645454021,9473441000,,1926910000,2401150000,158212000,559070000,-834995000,1569572000,9.72582596556537,11.681619023816337,7.142857142857128,2559362000,1.149309731841412,804357000.0,13.476508223737357,,0.5389060206812071,168452151550.29297,108.719068577843,12.700147397505237
ACN,2021-02-28,12088125000,3595232000,1653515000,,1941717000,1440859000,1771365000,2046218000,274853000,2.03,1.9,0.13,6.8421,39985401000,21142974000,9166578000,742122000,59323000.0,18308027000,14035805000,646321916,8725392000,,1740395000,2534721000,92510000,561042000,-1184586000,1461493000,2.7710837739756577,11.919623597538907,6.842105263157889,2627231000,1.1548472153771676,801445000.0,12.351847809389831,,0.8221387380722194,145755263732.91016,101.15858923941215,12.057723073918424
ACN,2020-11-30,11762185000,3898296000,1890669000,,2007627000,1500276000,1995721000,2278202000,282481000,2.17,2.05,0.12,5.8537,38268311000,19842095000,8594003000,741803000,59881000.0,17906501000,13276702000,646879735,8547711000,,1513442000,1602845000,93115000,558052000,-768895000,1522057000,8.55459914200576,12.755079094572991,5.853658536585372,1695960000,1.1080944847907472,801684000.0,11.5852901646394,,0.5125023662312801,144210969543.45703,96.12295973771295,12.260559542589837
ACN,2020-08-31,10835271000,3440540000,1544703000,870611000.0,1895837000,1287929000,1797424000,2284314000,486890000,1.7,1.73,-0.03,-1.7341,37078593000,19579420000,8415330000,763877000,54052000.0,17000536000,12375533000,647867307,7846892000,,1349874000,3156134000,188718000,509201000,-589892000,1305424000,-1.4196130486780256,11.886449355996726,-1.7341040462427761,3344852000,1.1516942759922393,817929000.0,11.01660345841019,8.034972083300916,0.45801593100240773,130326871490.47852,101.19103730910517,12.028021402554538
ACN,2020-05-31,10991305000,3528688000,1712733000,,1815955000,1228202000,1685734000,1939043000,253309000,1.9,1.84,0.06,3.2609,35057319000,18573674000,6442261000,747339000,60342000.0,16014606000,12565857000,645607914,8345601000,,1405977000,2741466000,149981000,508913000,-626688000,1252639000,-1.3481123061920286,11.174305507853708,3.2608695652173822,2891447000,1.1597958763393867,807681000.0,8.620266037233437,,0.5102483142023869,115848430114.7461,94.32359670049885,10.540006861309562
ACN,2020-02-29,11141505000,3359171000,1488945000,,1870226000,1234740000,1518123000,1775268000,257145000,1.91,1.73,0.18,10.4046,33503430000,17582624000,5436456000,744478000,13183000.0,15474589000,11867507000,648833880,8517949000,,1526135000,1530641000,165370000,511238000,-970056000,1252082000,-1.9143745403407575,11.082344799917067,10.404624277456644,1696011000,1.136225588931635,757661000.0,7.302372937816833,,0.7856358423635745,103298743011.4746,83.66031959074347,9.271525077758758
ACN,2019-11-30,11358958000,3647759000,1767263000,,1880496000,1356968000,1806121000,2024497000,218376000,2.09,1.99,0.1,5.0251,33170712000,17569504000,5810537000,714485000,15935000.0,15167138000,11236275000,649389444,8577386000,,1581112000,786911000,95063000,508381000,-729211000,1375168000,2.7434660105918773,11.946236617830614,5.025125628140697,881974000,1.1583928358797817,730420000.0,8.132482837288396,,0.5373826059273321,114621817565.91795,84.46906453646508,10.090874318394166
ACN,2019-08-31,11055650000,3434616000,1571493000,799734000.0,1863123000,1130427000,1568243000,1808411000,240168000,1.74,1.71,0.03,1.7544,29789880000,14962189000,6126853000,6411000,16247000.0,14409008000,10421538000,650523417,8095071000,,1646641000,2116253000,241260000,1861725000,-406527000,1145548000,-0.39674989062755683,10.22488049097068,1.7543859649122824,2357513000,1.038391331311635,22658000.0,955.678209327718,7.233713078832994,0.35962251432423326,109263436004.63869,96.65678191040968,9.883040436757558
ACN,2019-05-31,11099688000,3528298000,1717943000,,1810355000,1249516000,1709655000,1930964000,221309000,1.93,1.89,0.04,2.1164,28156360000,14013402000,4769158000,4137000,19855000.0,13737324000,11709317000,649297717,8134147000,,1562995000,2123542000,140261000,931515000,-488453000,1268649000,6.175158159995919,11.257217319982328,2.1164021164021185,2263803000,1.0200969271744629,23992000.0,1152.8058979937152,,0.3909137618085723,102789438751.2207,82.26340339076947,9.26057009451263
ACN,2019-02-28,10454129000,3054349000,1386626000,0.0,1667723000,1124449000,1381873000,1601471000,219598000,1.73,1.57,0.16,10.1911,27390208000,13661663000,4464889000,4365000,19753000.0,13337033000,11421964000,649170699,8151411000,,1472130000,1359650000,139797000,931460000,-1007807000,1140720000,-1.4277152727450337,10.756027594455741,10.191082802547765,1499447000,1.0243404961208389,24118000.0,1022.8840778923253,0.0,0.8962674163078984,90809465911.86523,80.75907925736537,8.686468849950602
ACN,2018-11-30,10605546000,3297425000,1629012000,0.0,1668413000,1274720000,1614989000,1826674000,211685000,1.96,1.85,0.11,5.9459,26706412000,13650844000,4363790000,4727000,19896000.0,12678856000,10384064000,652151450,8023057000,0.0,1355538000,1027508000,77691000,932838000,-788327000,1291324000,-0.3448801094580678,12.019371751345947,5.9459459459459385,1105199000,1.0766621215668037,24623000.0,923.1626824624498,0.0,0.6184314986820635,87890386199.95117,68.94877792766347,8.287209937135831
ACN,2018-08-31,10642249000,3223131000,1452671000,790779000.0,1770460000,1029524000,1461767000,1696857000,235090000,1.58,1.56,0.02,1.2821,24449083000,13724495000,5061360000,5337000,19676000.0,10364753000,7952413000,653960751,7496368000,0.0,1348802000,2109255000,179383000,931460000,-551824000,1048371000,-0.4931932653364224,9.673932643372655,1.2820512820512833,2288638000,1.3241507057621151,25013000.0,948.3530073074761,7.430562844376222,0.5359991607772135,94275007019.04295,91.57145148538835,8.858560537255137
ACN,2018-05-31,10694996000,3319128000,1634875000,0.0,1697140000,1043020000,1618397000,1856786000,238389000,1.79,1.72,0.07,4.0698,23250793000,13098057000,3928845000,2840000,25958000.0,9797325000,8296830000,654600026,7446699000,0.0,1388989000,1987538000,173556000,855110000,-720185000,1058141000,7.929550183374334,9.752411314599838,4.069767441860469,2161094000,1.3369013480720502,28798000.0,1383.3961267605634,0.0,0.6904805276984142,86842061462.40234,83.26020734252684,8.119877881431872
ACN,2018-02-28,9909238000,2848394000,1296044000,0.0,1563496000,863703000,1248637000,1469301000,220664000,1.58,1.49,0.09,6.0403,23132979000,12694553000,3595079000,2914000,25923000.0,9682687000,8149090000,656118796,7511301000,0.0,1367464000,924057000,132896000,36373000,-803947000,919540000,0.2521672472330705,8.716139424645972,6.040268456375844,1056953000,1.311056837838505,28837000.0,1233.7264927934111,0.0,0.930814180337454,88823965148.92578,102.84086676661512,8.963753332892578
ACN,2017-11-30,9884313000,3052260000,1498176000,0.0,1565977000,1123660000,1498831000,1731464000,232633000,1.79,1.67,0.12,7.1856,22974153000,13080716000,3681711000,2979000,22226000.0,9102130000,7339188000,656671417,7457955000,0.0,1316930000,1005838000,133352000,853614000,-563138000,1188542000,2.524731596802199,11.368114303948085,7.185628742514977,1139190000,1.4371049413708659,25205000.0,1235.8882175226586,0.0,0.5011640531833472,81809827484.13086,72.80656736390978,8.276733798710225
ACN,2017-08-31,9640906000,2886673000,1296562000,704317000.0,1590111000,932453000,1296909000,1528978000,232069000,1.48,1.46,0.02,1.3699,22689890000,12979690000,4126860000,2907000,22163000.0,8949477000,7081855000,658384196,6885257000,0.0,1525065000,1941882000,191146000,68844000,-656846000,983174000,3.036501739325681,9.671839970226864,1.3698630136986314,2133028000,1.4503294438323044,25070000.0,1419.6284829721362,7.3055063497144355,0.7044279979795228,71581915588.3789,76.76731758960388,7.424812106702307
ACN,2017-05-31,9356787000,2909631000,865435000,0.0,2044196000,669468000,878013000,1072493000,194480000,1.52,1.52,0.0,0.0,21135592000,12258932000,3382208000,2942000,24732000.0,8167356000,8844773000,658770425,6741725000,0.0,1291138000,1792572000,135811000,782451000,-588622000,704801000,6.786037998297689,7.154891951692393,0.0,1928383000,1.5009670204163992,27674000.0,1149.6288239292999,0.0,0.8792384400748057,67706113204.956055,101.1342038827189,7.236043014012829
ACN,2017-02-28,8762182000,2504156000,1138653000,0.0,1365503000,838752000,1122486000,1310293000,187807000,1.33,1.3,0.03,2.3077,20078773000,11463624000,3238862000,2944000,24546000.0,7964245000,8953190000,661079375,6563893000,0.0,1212800000,154703000,104409000,785127000,-815648000,887208000,-2.702995013215659,9.572410159935048,2.3076923076923097,259112000,1.4393861565032215,27490000.0,1100.156929347826,0.0,0.9724543130746633,64952019714.35547,77.43888505107049,7.412767700369094
ACN,2016-11-30,9005603000,2730032000,1331959000,0.0,1398073000,1004476000,1334169000,1521602000,187433000,1.58,1.49,0.09,6.0403,20443741000,12409590000,4077058000,2773000,24562000.0,7417093000,8113539000,663752830,6469008000,0.0,1163348000,1083882000,84553000,785127000,-587935000,1059749000,0.44640725976456963,11.15390052170854,6.040268456375844,1168435000,1.6731069706150374,27335000.0,1470.2697439596104,0.0,0.5853151294804455,63462051818.84766,63.17926144462153,7.046951971883244
ACN,2016-08-31,8965580000,2655540000,1195198000,643407000.0,1460342000,1069226000,1462865000,1656280000,193415000,1.31,1.3,0.01,0.7692,20609004000,12419628000,4905609000,2773000,24457000.0,7555262000,7879960000,665365231,6222399000,0.0,1280821000,2055439000,160066000,65959000,-639939000,1130781000,-0.03862173047651796,11.925898826400523,0.7692307692307698,2215505000,1.6438381620650615,27230000.0,1769.0620266858998,7.176412457420491,0.5985067703179683,61666522247.31445,57.67398309367192,6.8781408729066555
ACN,2016-05-31,8969044000,2689552000,1305943000,0.0,1383609000,897247000,1297415000,1478425000,181010000,1.41,1.41,0.0,0.0,19191047000,11484489000,3497878000,2072000,26801000.0,7127325000,15090815000,666403323,6440478000,891390000.0,1133430000,1591025000,93655000,717462000,-478289000,950283000,6.811806475438464,10.003819805098514,0.0,1684680000,1.6113323020908967,28873000.0,1688.165057915058,0.0,0.5330628021046602,60749571472.16797,67.7066309189866,6.773249353238536
ACN,2016-02-29,8397053000,2369816000,1088044000,0.0,1281772000,1326520000,1627135000,1799880000,172745000,1.34,1.18,0.16,13.5593,18147778000,10774262000,3034659000,1784000,26866000.0,6811661000,14915912000,668125087,6006554000,868631000.0,1103343000,317346000,148068000,720676000,-828950000,1399858000,-0.8142113190858891,15.797447032905474,13.559322033898319,465414000,1.5817378463197156,28650000.0,1701.0420403587443,0.0,0.624905768476917,56049549804.6875,42.253075569676675,6.674907232893195
ACN,2015-11-30,8465984000,2562519000,1221260000,0.0,1341259000,818899000,1232415000,1414297000,181882000,1.28,1.32,-0.04,-3.0303,17993875000,11588463000,3073193000,1848000,25807000.0,5900425000,13582445000,671300744,6025645000,776211000.0,1094821000,611305000,94777000,720676000,-657811000,868681000,1.2131372652866457,9.67281535141101,-3.030303030303033,706082000,1.9640047962646758,27655000.0,1662.983225108225,0.0,0.8032870964551184,56325959976.19629,68.78254824611618,6.653208885842011
ACN,2015-08-31,8364511000,2504405000,1093608000,625541000.0,1410797000,737628000,1085293000,1259056000,173763000,1.15,1.12,0.03,2.6786,18202647000,11555076000,4360766000,1848000,25587000.0,6133725000,13470008000,675749438,5725424000,0.0,1151464000,1504586000,148037000,76684000,-664015000,788125000,1.0808977233535133,8.8185430086708,2.6785714285714106,1652623000,1.8838594817993959,27435000.0,2359.7218614718613,7.478512491644759,0.9002030833970511,51628619506.83594,69.99275990992199,6.172341635612164
ACN,2015-05-31,8275066000,2524905000,1133519000,0.0,1391386000,793697000,1136121000,1289526000,153405000,1.3,1.23,0.07,5.6911,17308727000,10842496000,4026189000,1000,27217000.0,5911214000,12741223000,677825768,5548135000,865472000.0,1040645000,1413364000,113554000,674735000,-518176000,850230000,4.330481025872501,9.59142803211479,5.691056910569111,1526918000,1.8342249155588006,27218000.0,4026189.0,0.0,0.6528637502724591,50462174942.0166,63.57863887858541,6.098099391837673
ACN,2015-02-28,7931590000,2240639000,1021033000,0.0,1219606000,690726000,1008865000,1161101000,152236000,1.08,1.07,0.01,0.9346,16991565000,10441922000,4061400000,191000,27033000.0,5990851000,12615316000,679165137,5426178000,0.0,984539000,301287000,81568000,678736000,-600631000,743192000,,8.708543936335591,0.9345794392523372,382855000,1.7429780844157199,27224000.0,21263.87434554974,0.0,0.8695647767711076,46803777389.52637,67.76026585002789,5.900932522927479
