ticker,fiscalDateEnding,totalRevenue,grossProfit,operatingIncome,researchAndDevelopment,operatingExpenses,netIncome,ebit,ebitda,depreciationAndAmortization,reportedEPS,estimatedEPS,surprise,surprisePercentage,totalAssets,totalLiabilities,cashAndCashEquivalentsAtCarryingValue,shortTermDebt,longTermDebt,totalShareholderEquity,retainedEarnings,commonStockSharesOutstanding,currentNetReceivables,inventory,currentAccountsPayable,operatingCashflow,capitalExpenditures,dividendPayout,proceedsFromRepurchaseOfEquity,cashflowNetIncome,revenueGrowthPct,netIncomeMarginPct,epsSurprisePct,freeCashFlow,debtToEquityRatio,totalDebt,cashRatio,rdIntensityPct,buybackRatio,marketCap,peRatio,psRatio
BAH,2025-06-30,2924000000,1501000000,257000000,,1244000000,269000000,259000000,299000000,40000000,1.48,1.49,-0.01,-0.6711,7170000000,6105000000,711000000,125000000,3896000000,1065000000,3271000000,124475670,2286000000,,635000000,119000000,23000000,70000000,-181000000,271000000,-1.7019612879194623,9.199726402188782,-0.671140939597316,142000000,5.732394366197183,4021000000,5.688,,0.6728624535315985,12959447190.280716,48.17638360699151,4.432095482312146
BAH,2025-03-31,2974627000,1594755000,274968000,,1319787000,192705000,290087000,331746000,41659000,1.61,1.6143,-0.0043,-0.2664,7312000000,6309000000,885000000,124000000,3915000000,1003000000,3070000000,126256000,2271000000,,693000000,219009000,24572000,69563000,-314884000,192705000,1.968915291770501,6.478291227774104,-0.26636932416527104,243581000,6.290129611166501,4039000000,7.137096774193548,,1.6340209127941672,12875915438.479233,66.81671694288801,4.328581512397767
BAH,2024-12-31,2917190000,1611578000,291259000,,1320319000,186950000,294485000,334641000,40156000,1.55,1.5,0.05,3.3333,6820989000,5611072000,453539000,123398000,3291215000,1209917000,2947426000,127940137,2223712000,,640494000,150772000,17181000,65483000,-148544000,186950000,-7.2844209197472924,6.408564406157981,3.333333333333336,167953000,4.637567700924939,3414613000,3.675416133162612,,0.7945653918159936,17930018966.3804,95.90809824220595,6.146332246573039
BAH,2024-09-30,3146386000,1784104000,548609000,,1235495000,390112000,561729000,603785000,42056000,1.81,1.49,0.32,21.4765,6878374000,5677605000,558724000,129225000,3310775000,1200769000,2826078000,128848077,2225358000,,677440000,587219000,23805000,66954000,-232572000,390345000,6.954558727199744,12.398733022585278,21.4765100671141,611024000,4.72830744298029,3440000000,4.323652544012382,,0.5961672545320318,19145642255.711426,49.07729640644591,6.0849629561380665
BAH,2024-06-30,2941797000,1570563000,255164000,,1315399000,165233000,262701000,303830000,41129000,1.38,1.52,-0.14,-9.2105,6640787000,5556846000,297664000,119528000,3330351000,1083941000,2501909000,129917263,2281581000,,661948000,52000000,32442000,66000000,-116000000,165000000,6.151204819929235,5.616736980831784,-9.210526315789481,84442000,5.12652072391394,3449879000,2.490328625928653,,0.7020389389528726,18291823142.04126,110.70320784614006,6.217908014061222
BAH,2024-03-31,2771327000,1515845000,264438000,,1251407000,127956000,267843000,308179000,40336000,1.33,1.23,0.1,8.1301,6564000000,5517000000,554000000,105000000,3349941000,1047000000,2404000000,130366583,2047000000,-8713000.0,653000000,143770000,16167000,66626000,-100487000,127956000,7.842085826879197,4.617138287903232,8.130081300813014,159937000,5.269340974212034,3454941000,5.276190476190476,,0.7853246428459784,17688437549.96518,138.23843782210432,6.382659841283681
BAH,2023-12-31,2569801000,1388840000,247558000,,1141282000,145644000,256477000,297590000,41113000,1.41,1.14,0.27,23.6842,6474728000,5388485000,601813000,99045000,3369543000,1086243000,2342770000,130489050,1968086000,-9154000.0,564948000,233985000,23096000,61665000,-94467000,145644000,-3.618559477204586,5.667520558984918,23.684210526315795,257081000,4.96066257734227,3468588000,6.076157302236357,,0.648615802916701,14929149668.86856,102.5043920028876,5.809457490626146
BAH,2023-09-30,2666282000,1433570000,266989000,,1166581000,170718000,273029000,313936000,40907000,1.29,1.33,-0.04,-3.0075,7162609000,6090479000,557296000,87391000,3389152000,1072130000,2258947000,131133145,2009847000,-13183000.0,603188000,-47385000,16948000,62088000,-80797000,170718000,0.4443798159041057,6.402848610912123,-3.0075187969924837,-30437000,5.680728083348101,3476543000,6.377041114073531,,0.47327756885624245,13466259831.625458,78.88014053366052,5.0505759824450145
BAH,2023-06-30,2654486000,1402570000,234418000,,1168152000,161388000,238883000,280730000,41847000,1.47,1.25,0.22,17.6,6766317000,5749246000,209640000,162531000,2761333000,1017071000,2150361000,131530633,2099966000,-14190000.0,572355000,-71532000,10488000,63034000,-128390000,161388000,9.091708616543803,6.079821102842509,17.599999999999998,-61044000,5.652747939917665,2923864000,1.2898462447163925,,0.7955362232631918,11900508231.303848,73.73849500151094,4.483168580020331
BAH,2023-03-31,2433261000,1304348000,-42908000,,1347256000,-68422000,-38291000,5993000,44284000,1.01,0.95,0.06,6.3158,6550652000,5558650000,404862000,92488000,2770895000,992002000,2051455000,132738157,1774830000,-11245000.0,597808000,237148000,24732000,62510000,-109783000,-68348000,6.859109541455388,-2.811946601700352,6.315789473684216,261880000,5.603466525269102,2863383000,4.3774543724591295,,-1.604498553096957,11143085289.549042,-162.85822234879194,4.579486248926458
BAH,2022-12-31,2277074000,1233600000,58640000,,1174960000,30997000,73865000,115911000,42046000,1.07,1.05,0.02,1.9048,6345729000,5140050000,370939000,96567000,2780461000,1205679000,2182615000,132759877,1807776000,-11500000.0,482245000,138582000,21664000,57319000,-10809000,30689000,-0.9526850215052285,1.3612644999679413,1.9047619047619064,160246000,4.263199408797864,2877028000,3.841260472003894,,0.34871116559667065,12475781290.075012,402.48350776123533,5.47886510937941
BAH,2022-09-30,2298976000,1241526000,223921000,,1017605000,170932000,248858000,287910000,39052000,1.34,1.13,0.21,18.5841,6205657000,4987122000,756520000,96233000,2790011000,1216483000,2208952000,132729245,1655774000,,542337000,272726000,16000000,56998000,-29869000,170781000,2.194879089615931,7.435136338961346,18.584070796460196,288726000,4.0996232581959635,2886244000,7.861336547753889,,0.17474200266772752,11170249047.187347,65.34908061209924,4.858793239767334
BAH,2022-06-30,2249600000,1174627000,207195000,,967432000,138284000,200245000,240347000,40102000,1.13,1.07,0.06,5.6075,5962399000,4863275000,497828000,123651000,2715497000,1097705000,2095093000,133011088,1828376000,1.0,502372000,-45634000,13734000,58899000,-73397000,138093000,0.5149065536648401,6.147048364153627,5.607476635514002,-31900000,4.4304025216246625,2839148000,4.026073383959693,,0.5307700095455729,9969975424.835266,72.0978234997199,4.431888080029902
BAH,2022-03-31,2238076000,1178498000,148345000,,1030153000,90717000,142778000,183602000,40824000,0.86,0.87,-0.01,-1.1494,6025575000,4978854000,695910000,120713000,2731693000,1046070000,2015071000,133930948,1622989000,,539524000,255375000,28356000,57393000,-103711000,90795000,10.221815101550336,4.0533476074985835,-1.1494252873563229,283731000,4.75958014282027,2852406000,5.764996313570204,,1.1432366590605951,9316311304.618774,102.69642189026064,4.162642959675531
BAH,2021-12-31,2030520000,1100952000,177212000,,923740000,128931000,177348000,216924000,39576000,1.02,0.99,0.03,3.0303,5944033000,4869779000,642709000,119096000,2747892000,1071027000,1981715000,134262250,1618494000,,436558000,21405000,21933000,49795000,-82767000,128846000,-3.585785251738094,6.349654275752024,3.030303030303033,43338000,4.546831219007551,2866988000,5.396562437025593,,0.6419480187076808,9789691122.547913,75.92969202556338,4.821272936266529
BAH,2021-09-30,2106038000,1158349000,218367000,,939982000,154834000,219963000,257565000,37602000,1.26,1.08,0.18,16.6667,6025792000,4977694000,788697000,123637000,2764083000,1048098000,1902667000,135316429,1511579000,,483807000,470408000,20667000,50228000,-108576000,154834000,5.880750060581197,7.351909129844761,16.66666666666666,491075000,4.749263904711201,2887720000,6.379134077986364,,0.7012413294237699,9375010334.339462,60.548783434771835,4.451491537350923
BAH,2021-06-30,1989066000,1026347000,141257000,,885090000,92102000,134153000,161898000,27745000,1.07,0.97,0.1,10.3093,5984942000,4961409000,621862000,133632000,2770791000,1023533000,1799029000,136392343,1672772000,,478578000,-10662000,9008000,51641000,-123805000,92102000,0.494422214138468,4.630414475939964,10.309278350515473,-1654000,4.8473366271532035,2904423000,4.653541068007663,,1.3442161950880545,9679855059.053894,105.09929273038473,4.866532864698252
BAH,2021-03-31,1979280000,1080020000,171006000,,909014000,199177000,164173000,185628000,21455000,0.89,0.82,0.07,8.5366,5499601000,4428425000,990955000,132821000,2278731000,1071176000,1757524000,137547782,1411894000,,371744000,-80275000,33177000,51204000,-170043000,199177000,3.952689572588519,10.063103754900773,8.536585365853666,-47098000,4.134171228630962,2411552000,7.460830742126621,,0.8537280910948554,9178365528.758392,46.08145282215513,4.637224409259121
BAH,2020-12-31,1904020000,1037249000,184257000,,852992000,144371000,180325000,201438000,21113000,1.04,0.93,0.11,11.828,5368184000,4294919000,1341301000,129633000,2297142000,1073265000,1609551000,138886119,1420705000,,437120000,232935000,15949000,43026000,-27063000,144371000,-5.703538804022412,7.582430856818731,11.82795698924731,248884000,4.00173209785095,2426775000,10.34691012319394,,0.18745454419516386,9812750414.591812,67.96898556214067,5.153701334330423
BAH,2020-09-30,2019185000,1076588000,207221000,,869367000,136081000,188717000,209732000,21015000,1.03,0.92,0.11,11.9565,5284898000,4312941000,1275190000,130853000,2315739000,971957000,1508206000,138747640,1467581000,,452804000,425606000,18026000,43004000,-30392000,136081000,3.206414874264807,6.739402283594618,11.956521739130432,443632000,4.4373784025425,2446592000,9.7452102741244,,0.22333757100550408,9381978992.877869,68.94407737213768,4.646418724821088
BAH,2020-06-30,1956453000,1007551000,191887000,,815664000,129329000,185540000,206272000,20732000,0.93,0.86,0.07,8.1395,4703989000,3821522000,620612000,128204000,1989328000,882467000,1415129000,139172454,1521545000,1.0,383523000,140418000,20058000,43832000,-85899000,129329000,-0.669866224760074,6.610381133612717,8.139534883720938,160476000,4.330498477563467,2117532000,4.8408161991825525,,0.6641897795544696,8728158780.728119,67.48802496522913,4.461215669749347
BAH,2020-03-31,1969647000,1088563000,149076000,,939487000,138866000,147233000,168006000,20773000,0.73,0.71,0.02,2.8169,4793966000,3937610000,741901000,226886000,2007979000,856356000,1330812000,141398281,1459471000,,432953000,184969000,37367000,43659000,-145025000,138866000,6.4995855504446975,7.050298860658788,2.8169014084507067,222336000,4.5980993885720425,2234865000,3.269928510353217,,1.0443521092276007,7967368578.654053,57.37450908540645,4.045074360356984
BAH,2019-12-31,1849441000,1035941000,169045000,,866896000,112026000,168699000,189354000,20655000,0.8,0.76,0.04,5.2632,4630627000,3715590000,696821000,115918000,2026645000,915037000,1235605000,141558427,1427816000,1.0,398525000,99780000,30734000,38095000,-22541000,112026000,1.6412605786949364,6.057289743225115,5.263157894736847,130514000,4.060589899643403,2142563000,6.011326972515054,,0.20121221859211255,7948371438.126267,70.95113132778344,4.297715600620007
BAH,2019-09-30,1819577000,975635000,172035000,,803600000,114325000,172569000,192201000,19632000,0.81,0.72,0.09,12.5,4568858000,3728675000,781546000,110918000,2044821000,840183000,1161674000,142906250,1321111000,1.0,398727000,215696000,32642000,32436000,-2480000,114325000,-0.30676493664172355,6.283053698744269,12.50000000000001,248338000,4.437931974343685,2155739000,7.046160226473611,,0.02169254318827903,7906448529.979416,69.15765169454988,4.345212392759095
BAH,2019-06-30,1825176000,984522000,179046000,,805476000,117386000,180321000,200342000,20021000,0.83,0.73,0.1,13.6986,4513650000,3764827000,649100000,107713000,2063321000,748823000,1079785000,141129301,1407716000,-4000000.0,409292000,50983000,27336000,32412000,-12178000,117386000,2.5333692867736346,6.431489346780804,13.698630136986298,78319000,5.027659406829117,2171034000,6.026199251715206,,0.10374320617450122,6985695126.639923,59.510462292265885,3.8274090425470875
BAH,2019-03-31,1780080000,964676000,135099000,,829577000,89575000,138836000,157052000,18216000,0.64,0.63,0.01,1.5873,3831841000,3156475000,283990000,57924000,1701837000,675366000,994811000,142142739,1330364000,-1790000.0,417648000,216407000,36605000,32426000,-71411000,89575000,7.033080153351068,5.032077210013034,1.5873015873015885,253012000,4.673725061670265,1759761000,4.902803673779435,,0.79722020653084,5820600488.667664,64.98018965858402,3.269853314832852
BAH,2018-12-31,1663112000,912432000,161932000,0.0,750500000,132037000,161075000,178855000,17780000,0.72,0.59,0.13,22.0339,3797977000,3122722000,211859000,57924000,1715367000,675255000,937663000,143056900,1322097000,-2480000.0,365827000,8636000,18404000,27148000,-83036000,132037000,3.0430663749684728,7.939152624717999,22.033898305084747,27040000,4.624507778542921,1773291000,3.6575340100821765,0.0,0.6288843278777918,5434895440.961304,41.16191250150567,3.267907056747413
BAH,2018-09-30,1613997000,865427000,143751000,0.0,721676000,92713000,140876000,157302000,16426000,0.68,0.59,0.09,15.2542,3735386000,3089046000,342586000,63100000,1723699000,646340000,832774000,143708909,1165326000,-2805000.0,377245000,301604000,19207000,27217000,-44532000,92713000,-1.9947803318824842,5.744310553241425,15.254237288135608,320811000,4.779289538014049,1786799000,5.429255150554675,0.0,0.48032099058384475,5444767315.427025,58.727118262023936,3.3734680519400126
BAH,2018-06-30,1646848000,861036000,161612000,0.0,699424000,104204000,159081000,175234000,16153000,0.72,0.58,0.14,24.1379,3632032000,3024551000,149723000,63100000,1740753000,607481000,767278000,144693573,1275221000,-1802000.0,320709000,-27037000,20465000,27442000,-53845000,104204000,0.6456091974253786,6.32748134618374,24.13793103448276,-6572000,4.978840490484476,1803853000,2.372789223454834,0.0,0.5167268051130475,4758794985.964668,45.668064430968755,2.88963825803272
BAH,2018-03-31,1636284000,880883000,136048000,0.0,744835000,84885000,129021000,145581000,16560000,0.52,0.46,0.06,13.0435,3606619000,3044128000,286958000,63100000,1755479000,562491000,690516000,145577134,1133705000,-700000.0,339993000,122223000,15370000,27663000,-71308000,84885000,11.258175478629685,5.187669133231151,13.043478260869565,137593000,5.411869701026328,1818579000,4.547670364500792,0.0,0.8400541909642457,4213595482.9490814,49.63887003533111,2.575100338907599
BAH,2017-12-31,1470709000,792135000,128473000,0.0,663662000,74927000,125733000,142434000,16701000,0.48,0.43,0.05,11.6279,3539296000,2975018000,289495000,63150000,1769165000,564278000,622580000,146570617,1045300000,0.0,256905000,68858000,26078000,24882000,-30512000,74927000,-4.673046820563842,5.094617630000224,11.627906976744184,94936000,5.27225587387777,1832315000,4.584243863816311,0.0,0.40722303041627184,4128304875.959892,55.09769343440805,2.8070168034328287
BAH,2017-09-30,1542805000,846114000,132889000,0.0,713225000,73647000,130208000,146254000,16046000,0.48,0.46,0.02,4.3478,3529635000,2993352000,330043000,63150000,1783897000,536283000,577689000,148887497,1026477000,1.0,298325000,174067000,25453000,25454000,-120070000,73647000,1.2997288264686269,4.77357799592301,4.3478260869565135,199520000,5.581664904537343,1847047000,5.226334125098971,0.0,1.6303447526715278,3676925557.8044815,49.92634537461786,2.383273036971284
BAH,2017-06-30,1523010000,787217000,126665000,0.0,660552000,70612000,124235000,139684000,15449000,0.53,0.47,0.06,12.766,3575525000,2976498000,337487000,63150000,1798655000,599027000,532230000,149868273,1073968000,1.0,269853000,3995000,11536000,25412000,-48428000,70612000,-3.7331447198008183,4.636345132336623,12.765957446808523,15531000,4.968887879845149,1861805000,5.344212193190815,0.0,0.6858324364130742,3834551376.400654,54.30452864103345,2.5177453702869017
BAH,2017-03-31,1582071000,857347000,129161000,0.0,728186000,66253000,123715000,139671000,15956000,0.45,0.43,0.02,4.6512,3373105000,2799514000,217417000,193150000,1470174000,573591000,478102000,150575000,991810000,0.0,268630000,99235000,23365000,25614000,-39693000,66253000,12.631937908557234,4.1877387298041615,4.651162790697678,122600000,4.8806797875141,1663324000,1.1256381050996636,0.0,0.599112493019184,3776920307.000435,57.007536368171024,2.387326679397091
BAH,2016-12-31,1404638000,752402000,108124000,0.0,644278000,55590000,106791000,121201000,14410000,0.38,0.4,-0.02,-5.0,3166535000,2596822000,349624000,78938000,1485052000,569713000,437463000,150607259,902493000,1.0,223861000,65959000,15411000,22522000,-1000,55590000,0.7015076140640009,3.957603311315798,-5.000000000000004,81370000,4.558123125152489,1563990000,4.429096252755327,0.0,1.7988846914912754e-05,3830622514.231163,68.9084819973226,2.7271243653034896
BAH,2016-09-30,1394853000,736785000,117661000,0.0,619124000,62830000,112500000,127177000,14677000,0.46,0.43,0.03,6.9767,3093619000,2577282000,307223000,63150000,1499967000,516337000,404396000,150200454,872655000,0.0,233354000,205436000,8972000,22440000,-2288000,62830000,-1.9588507101176433,4.504417311358258,6.976744186046519,214408000,4.991472623499768,1563117000,4.864972288202692,0.0,0.03641572497214706,3247905938.931862,51.69355306273853,2.3284933530141614
BAH,2016-06-30,1422722000,765768000,129301000,0.0,636467000,67817000,131192000,145693000,14501000,0.46,0.44,0.02,4.5455,3041680000,2579406000,179974000,106779000,1501540000,462274000,364004000,150704444,952797000,0.0,216210000,11647000,6171000,22349000,-4566000,67817000,-0.11198349805555674,4.7667077616006495,4.545454545454549,17818000,5.579820625862584,1608319000,1.6854812275822024,0.0,0.06732825102850318,3062851429.551628,45.163475670578585,2.152810900198091
BAH,2016-03-31,1424317000,743667000,104508000,0.0,639159000,65517000,109892000,124811000,14919000,0.41,0.41,0.0,0.0,3010171000,2601683000,187529000,112813000,1484448000,408488000,318537000,152365116,892289000,1.0,246670000,68237000,20806000,22337000,-28552000,65517000,8.92079993086905,4.599888929220111,0.0,89043000,6.369056128943813,1597261000,1.6622995576750907,0.0,0.43579528977212023,2943935940.2470284,44.933924634019085,2.066910624704352
BAH,2015-12-31,1307663000,677474000,105116000,0.0,572358000,108055000,105671000,121819000,16148000,0.41,0.4,0.01,2.5,2966508000,2585751000,167104000,72625000,1514576000,380757000,275356000,149900925,845175000,0.0,188191000,92310000,16267000,19409000,125997000,108055000,-1.0960145338591465,8.263214604986146,2.4999999999999885,108577000,6.79107934982154,1587201000,2.300915662650602,0.0,-1.166045069640461,3154387829.575054,29.19242820392443,2.412232990896779
BAH,2015-09-30,1322154000,695999000,108816000,0.0,587183000,56216000,108638000,123990000,15352000,0.39,0.35,0.04,11.4286,2874625000,2605641000,187401000,67438000,1534531000,268984000,186710000,149388556,847957000,0.0,198443000,69591000,16422000,19217000,27531000,56216000,-2.1788926342330983,4.251849633249984,11.42857142857144,86013000,9.686973946405734,1601969000,2.778863548741066,0.0,-0.48973601821545465,2752653268.698513,48.96565512840674,2.081946027995614
BAH,2015-06-30,1351604000,708572000,126144000,0.0,582428000,64306000,126076000,141193000,15117000,0.44,0.43,0.01,2.3256,2853179000,2645525000,151476000,62250000,1554488000,207654000,149711000,149271321,867441000,1.0,208486000,19096000,13140000,19052000,-34600000,64306000,0.6447020207811738,4.757754490220508,2.325581395348839,32236000,12.7400627967677,1616738000,2.4333493975903613,0.0,0.538052436786614,2600092445.2739944,40.43312358526412,1.923708752914311
BAH,2015-03-31,1342946000,678064000,92560000,0.0,585504000,43363000,92568000,107995000,15427000,0.3,0.33,-0.03,-9.0909,2863982000,2677484000,207217000,57063000,1569272000,186498000,104457000,149527586,857310000,0.0,215995000,81900000,18575000,19170000,-28771000,43363000,,3.2289459144299175,-9.090909090909099,100475000,14.356636532295253,1626335000,3.6313723428491316,0.0,0.6634919170721583,2972441524.3236427,68.5478754773342,2.21337382465389
