ticker,fiscalDateEnding,totalRevenue,grossProfit,operatingIncome,researchAndDevelopment,operatingExpenses,netIncome,ebit,ebitda,depreciationAndAmortization,reportedEPS,estimatedEPS,surprise,surprisePercentage,totalAssets,totalLiabilities,cashAndCashEquivalentsAtCarryingValue,shortTermDebt,longTermDebt,totalShareholderEquity,retainedEarnings,commonStockSharesOutstanding,currentNetReceivables,inventory,currentAccountsPayable,operatingCashflow,capitalExpenditures,dividendPayout,proceedsFromRepurchaseOfEquity,cashflowNetIncome,revenueGrowthPct,netIncomeMarginPct,epsSurprisePct,freeCashFlow,debtToEquityRatio,totalDebt,cashRatio,rdIntensityPct,buybackRatio,marketCap,peRatio,psRatio
CAN,2025-06-30,100209000.0,9306000.0,-27070000.0,16406000.0,36376000.0,-11058000.0,-19432000.0,-9900000.0,9532000.0,-1.02,-0.04,-0.98,-2450.0,592175000.0,268572000.0,65904000.0,25793000.0,20750000.0,323603000.0,-547979000.0,399657384.0,79277000.0,107952000.0,29958000.0,,0.0,,,-11058000.0,21.060452305015943,-11.03493698170823,-2450.0,,0.829942862087187,46543000.0,2.5551118520528826,16.37178297358521,,277005057.82235444,-25.050195136765637,2.764273247137028
CAN,2025-03-31,82776000.0,646000.0,-37629000.0,18947000.0,38275000.0,-86431000.0,-85496561.0,-77972864.0,7523697.0,-1.051,-0.544,-0.507,-93.1985,565554000.0,320916000.0,96773000.0,209184000.0,20738000.0,244638000.0,-536921000.0,321194600.0,62606000.0,113863000.0,15724000.0,-29760000.0,14873000.0,,,-86431000.0,-6.749129744161686,-104.41553107180826,-93.19852941176467,-14887000.0,1.311799475142864,229922000.0,0.4626214242007037,22.88948487484295,,587179008.0521727,-6.7936158097461865,7.093590026724807
CAN,2024-12-31,88767000.0,-6352000.0,-52046000.0,16572000.0,140812000.0,-92902000.0,,,,-0.33,-0.08,-0.25,-312.5,463011000.0,196757000.0,96488000.0,,7279000.0,266254000.0,-450490000.0,5364163022.0,1514000.0,94620000.0,13975000.0,-29760000.0,14873000.0,,,-92902000.0,20.594228888164334,-104.65826264264872,-312.5,-14887000.0,0.7389823251481668,7279000.0,,18.669100003379636,,918867932.1268106,-9.890722827568949,10.351458674133525
CAN,2024-09-30,73608000.0,-21511000.0,-56845000.0,14761000.0,35334000.0,-75578000.0,-50383000.0,-35472750.0,14910250.0,-0.2723,-0.05,-0.2223,-444.6,502136000.0,186330000.0,71782000.0,2814006.0,23963000.0,315806000.0,-357588000.0,277536922.0,67723000.0,87802000.0,16735000.0,-59243000.0,1510000.0,,,-75578000.0,2.435358623952788,-102.67633952831214,-444.59999999999997,-57733000.0,0.5900141225942509,26777006.0,25.508829760846282,20.05352679056624,,448228270.0,-5.930671227076663,6.08939612542115
CAN,2024-06-30,71858000.0,-19130000.0,-45801000.0,14648000.0,26671000.0,-41880000.0,-43776000.0,-38126000.0,5650000.0,-0.01,-0.02,0.01,50.0,525543000.0,147343000.0,66788000.0,1530000.0,19172000.0,378200000.0,-282011000.0,274519440.0,8159000.0,131297000.0,29936000.0,,0.0,,,-41880000.0,105.123567552659,-58.28161095493891,50.0,,0.38959016393442625,20702000.0,43.65228758169935,20.3846474992346,,448228270.0,-10.702680754536772,6.2376947591082414
CAN,2024-03-31,35031567.0,-37263780.0,-67930752.0,15316015.0,30719000.0,-39326281.0,-67930752.0,-53045755.0,14884997.0,-0.1589,-0.36,0.2011,55.8611,533210385.0,122172728.0,54646290.0,8725000.0,,411037656.0,-224857519.0,247975308.0,1636000.0,98984069.0,16698000.0,-38574000.0,1231000.0,,,-39326281.0,-66.48664142948448,-112.25955436135644,55.86111111111111,-37343000.0,0.2972300133980912,8725000.0,6.263185100286533,43.72061061385008,,681306961.8507242,-17.324469655565046,19.44837243080574
CAN,2023-12-31,104530159.0,-101834352.0,-158148653.0,29900405.0,148195214.0,-223863203.0,-86940436.0,-71998000.0,14942436.0,-0.55,-0.19,-0.36,-189.4737,494361861.0,145423243.0,96361563.0,1216000.0,,348938617.0,-205180962.0,180401607.0,58400000.0,142594149.0,6245000.0,-38574000.0,1231000.0,,,-223863203.0,213.92601682308134,-214.16135318420402,-189.47368421052633,-37343000.0,0.4167588106191181,1216000.0,79.24470641447368,28.604572389486176,,860598259.1641295,-3.8443042341537903,8.233013968381407
CAN,2023-09-30,33297705.0,-69045843.0,-112773877.0,17141037.0,31496856.0,-80051804.0,-108298730.0,-100546000.0,7752730.0,-0.47,-0.28,-0.19,-67.8571,463822372.0,100617652.0,40548068.0,-7605000.0,,363204720.0,-65681994.0,170836190.0,9778000.0,216989229.0,19223000.0,,0.0,,,-80051804.0,78.55591397301689,-240.41237676890944,-67.85714285714283,,0.27702738004065586,-7605000.0,-5.331764365548981,51.47813340288767,,900938818.425362,-11.254447412894805,27.05708451754744
CAN,2023-06-30,18648335.0,-22562072.0,-33484082.0,1202762.0,6684798.0,-26341612.0,-123941533.0,-116125000.0,7816533.0,-0.65,-0.12,-0.53,-441.6667,539239439.0,112474870.0,66235090.0,-9950000.0,,426764568.0,14400108.0,169590610.0,10098000.0,272538497.0,27335000.0,-11210056.0,0.0,,,-110831461.0,-66.19465906961716,-141.25449805572455,-441.6666666666667,-11210056.0,0.2635525027935309,-9950000.0,-6.65679296482412,6.44970180983986,,954726266.3956548,-36.24403344775008,51.19632752176829
CAN,2023-03-31,55163872.0,-47487352.0,-85560332.0,19034492.0,39552152.0,-84261935.0,-85655835.0,-77425630.0,8230205.0,-0.43,-0.22,-0.21,-95.4545,632918339.0,85471441.0,71883223.0,2359000.0,,547446897.0,124895752.0,166837226.0,10098000.0,310073056.0,26947000.0,-11210056.0,4535754.6,,-8085455.31,-84261935.0,-25.4640798698745,-152.74840569566982,-95.45454545454545,-6674301.4,0.15612736407564293,2359000.0,30.47190462060195,34.5053588696602,-0.09595620264357803,1255039134.6268106,-14.894496959116955,22.75110664144117
CAN,2022-12-31,74009782.0,-57035144.0,-129410471.0,35157363.0,59326337.0,-89759189.0,-95293878.0,-82538953.0,12754925.0,-0.29,-0.15,-0.14,-93.3333,689997401.0,77863336.0,102297687.0,2314000.0,,612134064.0,210953785.0,167654683.0,1.0,213196152.0,16703000.0,-98919559.0,8245825.56,,-8085455.31,-89759189.0,-45.946552456797775,-121.28016942409046,-93.33333333333333,-90673733.44,0.12719980896210997,2314000.0,44.20816205704408,47.50367052830935,-0.09007941582449012,1165393459.253621,-12.983556026265134,15.74647874592606
CAN,2022-09-30,136919633.0,30700319.0,-7743280.37,16528357.0,25669938.0,6446878.0,-15597562.0,-8831000.0,6766562.0,0.14,0.07,0.07,100.0,781234996.0,99383738.0,280311760.0,2619421.0,,681851257.0,270533596.0,172036167.0,774207.0,186002633.0,4583777.0,-164228570.25,4535754.6,,-8085455.31,6446878.0,-44.47434104650283,4.708512474613483,100.0,-159692815.65,0.14575574508327113,2619421.0,107.0128704015124,12.071575593545449,1.254166018032294,1573281223.425362,244.03769133297732,11.490545139171985
CAN,2022-06-30,246588038.0,138720869.0,98365688.0,15506153.0,23158068.0,90854028.0,96920040.0,97447000.0,526960.0,3.53,2.35,1.18,50.2128,924296058.0,222757794.0,394008104.0,-203445738.0,,701538264.0,281513589.0,172378991.0,0.0,242645849.0,14475836.0,104279000.0,0.0,,,90854028.0,22.465233085787272,36.84445877297584,50.21276595744679,104279000.0,0.31752764664594263,-203445738.0,-1.9366741612449017,6.288282726836895,,1676373734.074638,18.45128687166889,6.798276784515549
CAN,2022-03-31,201353504.0,123205927.0,85250813.0,15140531.0,37823387.0,64958988.0,84927089.0,85483000.0,555911.0,2.56,2.7,-0.14,-5.1852,983855864.0,358873506.0,416047693.0,2314201.0,,624982357.0,201134507.0,172182343.0,158.0,187830874.0,15925354.0,1101987000.0,14101000.0,150001000.0,-57483000.0,1196529000.0,-41.30181926823705,32.261165914450636,-5.18518518518519,1116088000.0,0.5742138189670528,2314201.0,179.78027535205456,7.5193779592730605,0.8849121849004175,2362162974.350724,36.36391278679902,11.731422237135362
CAN,2021-12-31,343031933.0,233489653.0,190508025.0,17589581.0,38145540.0,187885848.0,225459324.0,226629324.0,1170000.0,1.0653,0.07,0.9953,1421.8571,884410787.0,341306531.0,421511486.0,2324877.0,,543104255.0,141443053.0,175674460.0,57749.0,127562112.0,22503726.0,173040610.0,2214223.63,150001000.0,-57483000.0,187885848.0,68.02457133048108,54.77211592426294,1421.8571428571424,175254833.63,0.6284364886811649,2324877.0,181.30485440735146,5.127680343392404,0.3059464063520101,3841316137.111587,20.44494664181193,11.198129875306936
CAN,2021-09-30,204155815.0,115037367.0,71781682.0,15291822.0,29089681.0,86394543.0,71781682.0,72126482.0,344800.0,0.4085,,0.0,,608680630.0,227084174.0,263165518.0,2096669.0,,381596455.0,-71683448.0,174076118.0,127634.0,129100179.0,18611780.0,173040610.0,2214223.63,150001000.0,-57483000.0,86394543.0,22.051005285438173,42.31794377250533,,175254833.63,0.5950898417020147,2096669.0,125.51600562606687,7.490270115499771,0.6653545236068903,3083810548.8956547,35.694506178424426,15.10518105445909
CAN,2021-06-30,167270900.0,66046400.0,25589288.0,9892347.0,28433831.0,37878220.0,36782408.0,37990093.0,1207685.0,0.4098,,0.0,,506815855.0,219675679.0,188683058.0,2801348.0,,287140176.0,-131774111.0,174779389.0,57539.0,90784150.0,16672595.0,,0.0,,,37878220.0,172.66274134626468,22.644835413691204,,,0.7650468215914167,2801348.0,67.35438010557775,5.913967701495,,3765117297.014485,99.40058685478053,22.509099293508225
CAN,2021-03-31,61347179.0,29581667.0,-2081643.55,8858598.0,29455248.0,183383.0,-970206.0,219386.0,1189592.0,0.217,,0.0,,359694814.0,271644202.0,203761786.0,5422438.0,,88050612.0,-167110572.0,161565968.0,1069279.0,57285484.0,6868429.0,13553533000.0,2040000.0,,,183383.0,947.9514838365156,0.29892654069716884,,13555573000.0,3.0850915834633836,5422438.0,37.577522509247686,14.440106528777793,,6795140504.805794,37054.364389315226,110.7653296463036
CAN,2020-12-31,5854009.46,1391486.69,-10867402.38,6131204.75,12258889.08,-11013576.6,-10867402.38,-11155312.02,-287909.63,0.0012,,0.0,,158629788.93,92421593.99,59894693.34,9388517.29,,66208194.94,-183012107.2,155503302.0,1091025.97,34518849.59,5725590.44,,0.0,,,-71955000.0,-75.59825259761058,-188.1373215273212,,,1.395923783660851,9388517.29,6.379568944693291,104.73513566887883,,2241141350.0,-203.48896924183558,382.83869633514394
CAN,2020-09-30,23990124.0,-2500231.2,-13662250.0,4725748.0,10425134.0,-12713922.0,-13662250.0,-12405587.0,1256663.0,-0.0709,,0.0,,106648868.0,26684876.0,26097487.0,6298286.0,,79963991.0,-151027530.0,156674341.0,50977.0,7840296.0,1546180.0,,0.0,,,-12713922.0,-4.905578347092288,-52.99648305277622,,,0.33371115756340874,6298286.0,4.143585572328726,19.698722691054034,,900938818.425362,-70.8623836472618,37.55457114041436
CAN,2020-06-30,25227688.0,6129249.0,-2677200.38,3692675.0,8677426.0,-2377514.83,-2677199.6,-1467623.6,1209576.0,-0.0813,,0.0,,128719477.0,37377699.0,22238764.0,26917846.0,,91341777.0,-133131058.0,156674885.0,1432781.0,12479580.0,2278630.0,,0.0,,,-2377514.83,161.99707633069949,-9.424227975231023,,,0.40920704881841746,26917846.0,0.8261717523757287,14.637389680734913,,1057818670.1789832,-444.9262132169258,41.93086065512556
CAN,2020-03-31,9628996.0,336795.0,-10031514.0,5894486.0,6210690.0,-5633850.69,-6758545.0,-5554022.0,1204523.0,-0.0152,,0.0,,137392561.0,44158439.0,37296441.0,25853158.0,,93234121.0,-130207589.0,156674885.0,955233.0,31962011.0,9254883.0,-269533000.0,2040000.0,,,-5633850.69,-85.45653631617004,-58.50922245683766,,-267493000.0,0.47362959532808807,25853158.0,1.4426261194087004,61.21599801266924,,2281481962.694206,-404.95960724408303,236.93871746277662
CAN,2019-12-31,66208409.56,-96248142.01,-800263000.0,9091155.96,18127429.68,-114082294.76,-128961552.94,-113709552.94,15252000.0,-0.036,,0.0,,141697061.51,42681082.78,73834753.03,19609392.87,,99015978.73,-140146781.39,149373450.0,410473.36,28022381.66,14156471.53,-269533000.0,2040000.0,,1213681000.0,-798211000.0,-90.12716599762605,-172.30786167218724,,-267493000.0,0.431052475847198,19609392.87,3.7652748108768956,13.731119687690624,10.638644695509278,3216037815.8768106,-28.190507761458797,48.574461118301635
CAN,2019-09-30,670612000.0,146210000.0,73547000.0,38146000.0,52264000.0,94625000.0,-908395.0,13599605.0,14508000.0,-0.7675,0.0,-0.7675,,1596091000.0,686346000.0,332652000.0,35710544.0,,909745000.0,-85061000.0,145695242.0,4356000.0,392065000.0,10465705.0,-16923000.0,3565000.0,,1525999.0,94625000.0,177.6332458413718,14.110245566736058,-inf,-13358000.0,0.7544377820158396,35710544.0,9.315231938219704,5.688237013354965,-0.016126805812417436,,,
CAN,2019-06-30,241546000.0,10753000.0,-268559000.0,35912000.0,271900000.0,-263067000.0,-40530272.0,-37112772.0,3417500.0,0.0909,0.0,0.0909,,1444254000.0,627189000.0,270439000.0,197231000.0,,817065000.0,-179686000.0,140005434.0,20012000.0,419797000.0,62495000.0,-16923000.0,2775000.0,,668033000.0,-263067000.0,411.5549154983269,-108.90969007973636,inf,-14148000.0,0.7676121238824328,197231000.0,1.371178972879517,14.867561458272958,2.539402509626825,,,
CAN,2019-03-31,47218000.0,463000.0,-58007000.0,31315000.0,55854000.0,-67857000.0,-10496951.0,-7210701.0,3286250.0,-0.2736,0.0,-0.2736,,,,,,,240978000.0,,135301918.0,,,,3199000.0,1387500.0,,,-67857000.0,-82.9955344281187,-143.7100258376043,-inf,4586500.0,,0.0,,66.32004743953577,,,,
CAN,2018-12-31,277680000.0,11625000.0,-67413000.0,51140000.0,78189000.0,-27516000.0,-13610803.0,-8651803.0,4959000.0,-0.0747,0.0,-0.0747,,1402694000.0,1161716000.0,258940000.0,83263024.0,,240978000.0,151238000.0,129879921.0,23687000.0,585672000.0,6867277.0,150349000.0,8369000.0,0.0,0.0,-27516000.0,296.93667721635813,-9.909248055315471,-inf,158718000.0,4.820838416784935,83263024.0,3.109903863208235,18.41688274272544,0.0,,,
CAN,2018-09-30,69955742.55,7104194.27,-8482872.08,9856600.04,78438614.63,-9728486.37,-8482872.08,,,-0.0308,0.0,-0.0308,,,,,,,,,,,,,7615000.0,7058000.0,0.0,0.0,-66824000.0,,-13.90663012839394,-inf,14673000.0,,0.0,,14.089765444137935,0.0,,,
CAN,2018-06-30,,,,,,,,,,-0.0749,0.0,-0.0749,,,,,,,,,,,,,-85353500.0,4741500.0,,,-433273000.0,,,-inf,-80612000.0,,0.0,,,,,,
CAN,2018-03-31,,,,,,,,,,-0.4956,0.0,-0.4956,,,,,,,,,,,,,-85353500.0,4741500.0,,,108386000.0,,,-inf,-80612000.0,,0.0,,,,,,
CAN,2017-12-31,,,,,,,,,,0.1301,0.0,0.1301,,,,,,,,,,,,,,,,,,,,inf,,,0.0,,,,,,
