ticker,fiscalDateEnding,totalRevenue,grossProfit,operatingIncome,researchAndDevelopment,operatingExpenses,netIncome,ebit,ebitda,depreciationAndAmortization,reportedEPS,estimatedEPS,surprise,surprisePercentage,totalAssets,totalLiabilities,cashAndCashEquivalentsAtCarryingValue,shortTermDebt,longTermDebt,totalShareholderEquity,retainedEarnings,commonStockSharesOutstanding,currentNetReceivables,inventory,currentAccountsPayable,operatingCashflow,capitalExpenditures,dividendPayout,proceedsFromRepurchaseOfEquity,cashflowNetIncome,marketCap,stockPrice,sharesOutstanding
DDOG,2025-06-30,826760000,660594000,-35500000,387482000,696094000,2647000,9162999,37961999,28799000,0.46,0.41,0.05,12.1951,5822415000,2626658000,489030000,39955000,981357000,3195757000,57337000,361289000,604174000,None,198767000,200055000,3250000,None,28578000,2647000,48531951370.00001,134.33,361289000.0
DDOG,2025-03-31,761553000,603722000,-12420000,341061000,616142000,24642000,34759000,60867000,26108000,0.46,0.42,0.04,9.5238,6010381000,3093707000,1079854000,669008000,980314000,2916674000,54690000,363078000,490172000,None,98442000,271541000,27150000,None,None,24642000,36020968380.0,99.21,363078000.0
DDOG,2024-12-31,737727000,593342000,9392000,316314000,583950000,45594000,56469000,86454000,29985000,0.49,0.43,0.06,13.9535,5785339000,3070976000,1246983000,665993000,979282000,2714363000,30048000,360940000,598919000,None,107731000,265228000,7761000,None,21179000,45594000,51574716599.99999,142.89,360940000.0
DDOG,2024-09-30,690016000,552052000,20278000,291802000,531774000,51697000,57710000,71510000,13800000,0.46,0.4,0.06,15,4631471000,2002326000,337418000,772200000,None,2629145000,-15546000,357635000,487064000,None,92005000,228681000,19209000,None,22507000,51697000,41149483100.0,115.06,357635000.0
DDOG,2024-06-30,645279000,521575000,12618000,274599000,508957000,43824000,49270000,61710000,12440000,0.43,0.36,0.07,19.4444,4412391000,2005083000,410963000,768535000,None,2407308000,-67243000,356740000,533292000,1,115991000,164424000,20644000,None,None,43824000,46554570000.0,130.5,356740000.0
DDOG,2024-03-31,611253000,500950000,11996000,269988000,488954000,42631000,47559000,72298000,24739000,0.44,0.35,0.09,25.7143,4141466000,1939111000,282218000,23591000,743085000,2202355000,-111067000,355979000,451057000,None,64316000,212270000,25523000,None,None,42631000,43838813850.0,123.15,355979000.0
DDOG,2023-12-31,589649000,484612000,27742000,253250000,456870000,53993000,58559000,81574000,23015000,0.44,0.44,0,0,3936072000,1910718000,330339000,21974000,742235000,2025354000,-153698000,352907000,509279000,None,87712000,220226000,18936000,None,17384000,53993000,40612537560.0,115.08,352907000.0
DDOG,2023-09-30,547536000,444009000,-4230000,240225000,448239000,22630000,25603000,37212000,11609000,0.45,0.34,0.11,32.3529,3543302000,1736826000,261309000,18777000,741386000,1806476000,-207691000,351309000,400649000,39805000,85362000,152783000,14594000,None,None,22630000,32264218560.0,91.84,351309000.0
DDOG,2023-06-30,509460000,407408000,-22006000,239494000,429414000,-3969000,618000,11168000,10550000,0.36,0.28,0.08,28.5714,3312173000,1662814000,291304000,18852000,740538000,1649359000,-230321000,322215000,333102000,37502000,48031000,153158000,11426000,None,19986000,-3969000,31699511700.0,98.38,322215000.0
DDOG,2023-03-31,481714000,381597000,-34970000,229478000,416567000,-24086000,-18243000,-7968000,10275000,0.28,0.24,0.04,16.6667,3139744000,1627645000,222548000,20397000,739692000,1512099000,-226352000,319286000,367046000,34858000,41598000,133787000,17450000,None,2098000,-24086000,23199320760.0,72.66,319286000.0
DDOG,2022-12-31,469399000,372434000,-34628000,218656000,407062000,-29034000,-22835000,-4969000,17866000,0.26,0.19,0.07,36.8421,3004852000,1594347000,338985000,22092000,738847000,1410505000,-202266000,317348000,399551000,33054000,23474000,114441000,18090000,None,26025000,-29034000,22877617320.0,72.09,317348000.0
DDOG,2022-09-30,436533000,342726000,-31342000,205388000,374068000,-25985000,-19331000,-10018000,9313000,0.23,0.16,0.07,43.75,2797603000,1508164000,294815000,21751000,738003000,1289439000,-173232000,315990000,348830000,1,27625000,83618000,16518000,None,1816000,-25985000,28053592200.0,88.78,315990000.0
DDOG,2022-06-30,406138000,324007000,-3139000,177699000,327146000,-4879000,4530000,12648000,8118000,0.24,0.15,0.09,60,2654487000,1439367000,238859000,22357000,737160000,1215120000,-147247000,314795000,305501000,None,47650000,72960000,12794000,None,13557000,-4879000,29981075800.0,95.24,314795000.0
DDOG,2022-03-31,363030000,288365000,10414000,150608000,277951000,9738000,16101000,23495000,7394000,0.24,0.11,0.13,118.1818,2529015000,1412158000,271686000,20320000,736318000,1116857000,-142368000,345668000,275342000,None,18629000,147388000,17487000,None,4245000,9738000,52358331960.0,151.47,345668000.0
DDOG,2021-12-31,326198000,258841000,8455000,133049000,250386000,7169000,14136000,21012000,6876000,0.2,0.11,0.09,81.8182,2380794000,1339591000,270973000,20157000,735482000,1041203000,-152106000,345877000,268824000,-6768000,25270000,115793000,9110000,None,20278000,7169000,61604152470.00001,178.11,345877000.0
DDOG,2021-09-30,270488000,207156000,-4895000,112675000,212051000,-5484000,145000,6342000,6197000,0.13,0.06,0.07,116.6667,2194173000,1236761000,286966000,19425000,734643000,957412000,-159275000,310247000,224602000,1,34654000,67379000,10296000,None,4489000,-5484000,43853413450.0,141.35,310247000.0
DDOG,2021-06-30,233549000,176451000,-9886000,94779000,186337000,-9362000,-4594000,869000,5463000,0.09,0.03,0.06,200,2076733000,1163854000,247442000,16626000,733805000,912879000,-153791000,308019000,188326000,1,29257000,51723000,9438000,None,9794000,-9362000,32058617520.0,104.08,308019000.0
DDOG,2021-03-31,198549000,151883000,-12830000,79266000,164713000,-13068000,-7057000,-2655000,4402000,0.06,0.03,0.03,100,1952074000,1110744000,369706000,16626000,732968000,841330000,-144429000,306034000,154111000,1,12065000,51650000,7181000,None,-245000,-13068000,25504873560.0,83.34,306034000.0
DDOG,2020-12-31,177531000,136675000,-8938000,67698000,145613000,-16160000,-2157000,5025000,7182000,0.06,0.02,0.04,200,1890285000,932853000,224927000,16326000,575864000,957432000,-148163000,304057000,171195000,7836000,21342000,23828000,7176000,19828000,15438000,-16160000,29931371080.0,98.44,304057000.0
DDOG,2020-09-30,154675000,120691000,-9267000,56440000,129958000,-15150000,-2132000,1840000,3972000,0.05,0.01,0.04,400,1814284000,878096000,198523000,15058000,567683000,936188000,-132003000,302554000,120992000,None,21199000,36270000,7629000,None,-118000,-15150000,30908916640.0,102.16,302554000.0
DDOG,2020-06-30,140012000,111134000,654000,45664000,110480000,284000,5120000,8827000,3707000,0.05,0.01,0.04,400,1783706000,870835000,206202000,14524000,559621000,912871000,-116853000,330847000,124078000,1,18010000,24738000,6135000,None,-268000,284000,28767146650.0,86.95,330847000.0
DDOG,2020-03-31,131248000,104769000,3778000,40824000,100991000,6479000,6674000,10362000,3688000,0.06,-0.02,0.08,400,1066656000,263761000,194350000,13436000,None,802895000,-117137000,327801000,108437000,None,14205000,24255000,4943000,None,2813000,6479000,11794279979.999998,35.98,327801000.0
DDOG,2019-12-31,113644000,87920000,-2266000,35894000,90186000,891000,1252000,4846000,3594000,0.03,-0.02,0.05,250,1038041000,255700000,597297000,11916000,None,782341000,-123616000,121874500,104972000,2578000,15429000,17430000,6572000,None,-1749000,891000,4604418610.0,37.78,121874500.0
DDOG,2019-09-30,95864000,72567000,-4218000,28684000,76785000,-4161000,-4128000,2979000,7107000,0.01,-0.14,0.15,107.1429,1006753000,235518000,760945000,10222000,None,771235000,-124507000,311628000,90953000,1,18992000,3824000,7484000,None,715965000,-4161000,10567305479.999998,33.91,311628000.0
DDOG,2019-06-30,83222000,62244000,-3994000,24032000,66238000,-3949000,-3668000,1190000,4858000,-0.03,-0.06,0.03,50,261759000,200230000,52286000,9626000,0,61529000,-120346000,246132000,69703000,1,23529000,-438000,5094000,0,5197000,-3949000,,,
DDOG,2019-03-31,70050000,51100000,-9662000,22815000,60762000,-9491000,-9432000,-5021000,4411000,,,,,255480000,196239000,54554000,-77757000,0,59241000,-116397000,246132000,63332000,0,27702000,3418000,4293000,0,1776000,-9491000,,,
DDOG,2018-12-31,61610000,45771000,-6674000,17720000,52445000,-6587000,-6674000,-6493000,1787000,,,,,179750000,255791000,53639000,20419000,0,-76041000,-106906000,246132000,56348000,1,12638000,-4555000,3093000,0,7782000,-6587000,,,
DDOG,2018-09-30,51074000,38976000,-4635000,14159000,43611000,-4673000,-4635000,-4324000,1743000,,,,,179750000,114986000,53639000,0,0,-76041000,-106906000,246132000,56348000,0,12638000,4749000,3610000,0,0,-4673000,,,
DDOG,2018-06-30,45678000,36228000,123000,12426000,36105000,153000,151000,1622000,1471000,,,,,None,None,None,None,None,None,None,81528000,None,None,None,5273000,4517000,None,None,153000,,,
DDOG,2018-03-31,39715000,30573000,153000,10871000,30420000,345000,426001,1451000,1024999,,,,,None,None,-60024000,None,None,65104000,None,74433000,None,None,None,5362000,2031000,None,None,345000,,,
