ticker,fiscalDateEnding,totalRevenue,grossProfit,operatingIncome,researchAndDevelopment,operatingExpenses,netIncome,ebit,ebitda,depreciationAndAmortization,reportedEPS,estimatedEPS,surprise,surprisePercentage,totalAssets,totalLiabilities,cashAndCashEquivalentsAtCarryingValue,shortTermDebt,longTermDebt,totalShareholderEquity,retainedEarnings,commonStockSharesOutstanding,currentNetReceivables,inventory,currentAccountsPayable,operatingCashflow,capitalExpenditures,dividendPayout,proceedsFromRepurchaseOfEquity,cashflowNetIncome,revenueGrowthPct,netIncomeMarginPct,epsSurprisePct,freeCashFlow,debtToEquityRatio,totalDebt,cashRatio,rdIntensityPct,buybackRatio,marketCap,peRatio,psRatio
DXC,2025-06-30,3159000000,771000000,73000000,,698000000,16000000,121000000,430000000,309000000,0.09,0.15,-0.06,-40.0,13438000000,10008000000,1792000000,1181000000,2963000000,3168000000,-3347000000,184960000,3056000000,,650000000,186000000,43000000,,-48000000,18000000,-0.315556958030927,0.5064893953782843,-40.0,229000000,3.159090909090909,4144000000,1.5173581710414903,,3.0,2736889642.1817427,171.0556026363589,0.8663784875535747
DXC,2025-03-31,3169000000,768000000,329000000,,439000000,264000000,396000000,714000000,318000000,0.84,0.77,0.07,9.0909,13205000000,9715000000,1796000000,1107000000,2841000000,3229000000,-3451000000,184840000,2972000000,,549000000,315000000,175000000,,-14000000,264000000,-1.7364341085271295,8.330703692016408,9.090909090909085,490000000,3.008671415298854,3948000000,1.6224028906955736,,0.05303030303030303,3288205699.7516613,12.455324620271444,1.037616187993582
DXC,2024-12-31,3225000000,809000000,154000000,,655000000,57000000,197000000,524000000,327000000,0.92,0.77,0.15,19.4805,13033000000,9781000000,1723000000,428000000,3637000000,2990000000,-3715000000,184770000,2759000000,,563000000,650000000,134000000,,-12000000,63000000,-0.49367479173094697,1.7674418604651163,19.480519480519483,784000000,3.27123745819398,4065000000,4.025700934579439,,0.21052631578947367,3576393324.680912,62.743742538261614,1.1089591704436936
DXC,2024-09-30,3241000000,814000000,132000000,,682000000,42000000,162000000,497000000,335000000,0.93,0.72,0.21,29.1667,13504000000,10268000000,1245000000,476000000,3618000000,2981000000,-3771000000,183880000,3104000000,,708000000,195000000,112000000,,-2000000,45000000,0.15451174289244918,1.2958963282937366,29.16666666666668,307000000,3.444481717544448,4094000000,2.615546218487395,,0.047619047619047616,3699902501.886514,88.09291671158367,1.1415928731522722
DXC,2024-06-30,3236000000,710000000,83000000,,627000000,26000000,140000000,473000000,333000000,0.74,0.58,0.16,27.5862,13353000000,10250000000,1317000000,1057000000,3548000000,2850000000,-3814000000,182930000,2996000000,,676000000,238000000,155000000,,-2000000,25000000,-4.430005906674539,0.8034610630407911,27.58620689655173,393000000,3.5964912280701755,4605000000,1.2459791863765373,,0.07692307692307693,3417084618.5230293,131.42633148165498,1.055959400038019
DXC,2024-03-31,3386000000,449000000,156000000,,1089000000,-200000000,-233000000,116000000,349000000,0.97,0.83,0.14,16.8675,13871000000,10805000000,1224000000,553000000,3576000000,2811000000,-3839000000,181060000,3253000000,,846000000,280000000,86000000,,-143000000,-200000000,-0.3824654310091158,-5.906674542232723,16.867469879518072,366000000,3.8438278192813944,4129000000,2.213381555153707,,-0.715,3902170847.6348534,-19.510854238174268,1.1524426602583737
DXC,2023-12-31,3399000000,763000000,306000000,,644000000,156000000,290000000,647000000,357000000,0.87,0.77,0.1,12.987,14892000000,11526000000,1691000000,1444000000,3880000000,3107000000,-3762000000,191930000,3132000000,555000000.0,870000000,706000000,72000000,,-250000000,140000000,-1.0768335273573904,4.5895851721094445,12.987012987012983,778000000,3.709687801738011,5324000000,1.1710526315789473,,1.6025641025641026,4093699710.251662,26.241664809305526,1.2043835570025483
DXC,2023-09-30,3436000000,803000000,511000000,,803000000,99000000,-2059000000,574000000,2633000000,0.7,0.67,0.03,4.4776,14709000000,11242000000,1412000000,1458000000,3791000000,3467000000,-4143000000,203060000,3146000000,559000000.0,618000000,248000000,109000000,,-220000000,99000000,-0.29019152640742396,2.881257275902212,4.477611940298495,357000000,3.2425728295356215,5249000000,0.9684499314128944,,2.2222222222222223,3728542261.613486,37.662043046600864,1.0851403555336105
DXC,2023-06-30,3446000000,727000000,138000000,,727000000,36000000,144000000,495000000,351000000,0.63,0.82,-0.19,-23.1707,15293000000,11690000000,1576000000,1508000000,3891000000,3603000000,-4445000000,213750000,3285000000,652000000.0,701000000,127000000,140000000,,-285000000,42000000,-4.037872458925095,1.044689495066744,-23.170731707317067,267000000,3.244518456841521,5399000000,1.0450928381962865,,7.916666666666667,4480336807.978632,124.45380022162867,1.300155777126707
DXC,2023-03-31,3591000000,849000000,-1221000000,,762000000,-758000000,-1100000000,-718000000,382000000,1.02,1.03,-0.01,-0.9709,15845000000,12025000000,1858000000,1349000000,3900000000,3820000000,-4665000000,223920000,3441000000,570000000.0,782000000,415000000,89000000,0.0,-344000000,-758000000,0.701065619742014,-21.108326371484264,-0.9708737864077678,504000000,3.147905759162304,5249000000,1.3773165307635284,,-0.45382585751978893,4965423037.090456,-6.5506900225467755,1.3827410295434297
DXC,2022-12-31,3566000000,767000000,216000000,,690000000,59000000,158000000,541000000,383000000,0.95,0.83,0.12,14.4578,18254000000,13302000000,2091000000,1743000000,3850000000,4952000000,-4123000000,233000000,3454000000,1230000000.0,852000000,625000000,110000000,,-53000000,61000000,0.0,1.6545148625911383,14.457831325301203,735000000,2.6861873990306946,5593000000,1.1996557659208262,,0.8983050847457628,5146211733.75,87.22392769067797,1.4431328473780145
DXC,2022-09-30,3566000000,791000000,183000000,,704000000,27000000,98000000,486000000,388000000,0.75,0.73,0.02,2.7397,17737000000,12801000000,2260000000,1705000000,3401000000,4936000000,-4211000000,233170000,3467000000,662000000.0,857000000,212000000,138000000,,-2000000,28000000,-3.8036147828432676,0.7571508693213684,2.739726027397263,350000000,2.59339546191248,5106000000,1.3255131964809383,,0.07407407407407407,4435587140.728632,164.28100521217155,1.2438550590938395
DXC,2022-06-30,3707000000,777000000,163000000,,738000000,102000000,159000000,557000000,398000000,0.75,0.82,-0.07,-8.5366,18647000000,13598000000,2209000000,1863000000,3874000000,5049000000,-4239000000,237380000,3693000000,676000000.0,795000000,163000000,118000000,,-272000000,103000000,-7.509980039920161,2.7515511195036417,-8.536585365853654,281000000,2.693206575559517,5737000000,1.1857219538378958,,2.6666666666666665,5425449561.794397,53.190681978376446,1.4635688054476388
DXC,2022-03-31,4008000000,847000000,914000000,,738000000,530000000,842000000,1275000000,433000000,0.84,0.99,-0.15,-15.1515,20139000000,14764000000,2672000000,1965000000,3711000000,5375000000,-4450000000,247690000,3854000000,652000000.0,840000000,271000000,121000000,360000000.0,-276000000,539000000,-1.9809244314013208,13.223552894211576,-15.151515151515154,392000000,2.7467906976744185,5676000000,1.359796437659033,,0.5207547169811321,5840726760.661205,11.020239171058877,1.4572671558535941
DXC,2021-12-31,4089000000,910000000,200000000,,764000000,98000000,204000000,634000000,430000000,0.92,0.91,0.01,1.0989,19953000000,14866000000,2919000000,1782000000,4236000000,5087000000,-5058000000,254820000,3670000000,600000000.0,759000000,696000000,101000000,125000000.0,-202000000,102000000,1.5396076483734866,2.39667400342382,1.0989010989010999,797000000,2.922351091016316,6018000000,1.638047138047138,,2.061224489795918,5761966909.292736,58.79558070706874,1.4091383979683874
DXC,2021-09-30,4027000000,939000000,121000000,,818000000,-188000000,-187000000,265000000,452000000,0.89,0.83,0.06,7.2289,20115000000,15032000000,2699000000,1863000000,4363000000,5083000000,-5225000000,252400000,3821000000,534000000.0,724000000,563000000,107000000,0.0,-102000000,-187000000,-2.752958222651536,-4.668487707971194,7.228915662650609,670000000,2.957308675978753,6226000000,1.44873859366613,,-0.5425531914893617,6572831344.184235,-34.9618688520438,1.6321905498346747
DXC,2021-06-30,4141000000,886000000,81000000,,805000000,278000000,486000000,913000000,427000000,0.84,0.74,0.1,13.5135,20867000000,15481000000,2460000000,2003000000,3668000000,5386000000,-5045000000,260320000,4081000000,659000000.0,857000000,-29000000,220000000,235000000.0,-48000000,282000000,-5.564424173318128,6.7133542622554945,13.513513513513512,191000000,2.874303750464166,5671000000,1.2281577633549676,,0.17266187050359713,6787629200.723648,24.41593237670377,1.6391280368808616
DXC,2021-03-31,4385000000,824000000,-125000000,,949000000,-798000000,-716000000,-234000000,482000000,0.74,0.7,0.04,5.7143,22038000000,16730000000,2968000000,2401000000,4345000000,5308000000,-5331000000,254490000,4156000000,727000000.0,914000000,-280000000,91000000,53000000.0,-2000000,-804000000,2.262126865671643,-18.198403648802735,5.71428571428572,-189000000,3.151846269781462,6746000000,1.2361516034985423,,-0.002506265664160401,5047762602.365147,-6.3255170455703595,1.1511431248267152
DXC,2020-12-31,4288000000,955000000,-37000000,,992000000,1098000000,2060000000,2541000000,481000000,0.84,0.54,0.3,55.5556,23634000000,17639000000,3919000000,2126000000,5444000000,5995000000,-4533000000,255750000,4130000000,586000000.0,852000000,-187000000,166000000,53000000.0,-2000000,1103000000,-5.8410188844971405,25.60634328358209,55.555555555555536,-21000000,2.9422852376980817,7570000000,1.8433678269049858,,0.0018214936247723133,3921860810.47697,3.5718222317640893,0.9146130621448159
DXC,2020-09-30,4554000000,991000000,-73000000,,1064000000,-244000000,-206000000,319000000,525000000,0.64,0.38,0.26,68.4211,25670000000,20919000000,3079000000,2984000000,8046000000,4751000000,-5631000000,254130000,4194000000,729000000.0,1345000000,472000000,115000000,53000000.0,0,-246000000,1.1550422034651175,-5.357927097057532,68.42105263157895,587000000,4.403073037255314,11030000000,1.0318364611260054,,-0.0,3205866134.4769707,-13.138795633102339,0.703967091453002
DXC,2020-06-30,4502000000,873000000,-158000000,,1031000000,-205000000,-119000000,377000000,496000000,0.21,0.12,0.09,75.0,27894000000,22952000000,5509000000,3090000000,9751000000,4593000000,-5386000000,253630000,4271000000,667000000.0,1522000000,119000000,143000000,53000000.0,-3000000,-199000000,-6.500519210799583,-4.553531763660596,75.0,262000000,4.997169605922055,12841000000,1.7828478964401295,,-0.014634146341463415,2953478038.5,-14.407209943902439,0.6560368810528654
DXC,2020-03-31,4815000000,1042000000,-20000000,,1062000000,-3495000000,-3467000000,-2936000000,531000000,1.2,0.97,0.23,23.7113,26006000000,20877000000,3679000000,2684000000,8070000000,5129000000,-5177000000,253510000,4392000000,646000000.0,1598000000,288000000,167000000,53000000.0,-1000000,-3501000000,-4.102768372834098,-72.58566978193146,23.711340206185564,455000000,4.070384090465978,10754000000,1.370715350223547,,-0.0002861230329041488,4232052153.245235,-1.2108875974950601,0.8789308729481278
DXC,2019-12-31,5021000000,1194000000,197000000,,997000000,82000000,224000000,703000000,479000000,1.25,1.09,0.16,14.6789,29599000000,20498000000,2560000000,3052000000,6676000000,9101000000,-1628000000,256050000,4619000000,660000000.0,1576000000,477000000,162000000,54000000.0,-86000000,90000000,3.5044320758606418,1.6331408086038637,14.6788990825688,639000000,2.25227996923415,9728000000,0.8387942332896461,,1.048780487804878,6514633424.11916,79.4467490746239,1.2974772802467953
DXC,2019-09-30,4851000000,1172000000,216000000,,956000000,-2119000000,-1895000000,-1423000000,472000000,1.38,1.43,-0.05,-3.4965,29516000000,20646000000,2880000000,2937000000,7010000000,8550000000,-1668000000,258710000,4611000000,671000000.0,1603000000,1651000000,150000000,56000000.0,-150000000,-2115000000,-0.797546012269934,-43.68171511028654,-3.4965034965034993,1801000000,2.4147368421052633,9947000000,0.9805924412665986,,-0.07078810759792355,5760729629.064205,-2.7186076588316213,1.1875344524972593
DXC,2019-06-30,4890000000,1268000000,291000000,,977000000,163000000,297000000,771000000,474000000,1.74,1.71,0.03,1.7544,32577000000,21360000000,1868000000,3161000000,7155000000,10913000000,494000000,268970000,5234000000,728000000.0,1517000000,-66000000,168000000,51000000.0,-500000000,168000000,-7.386363636363635,3.3333333333333335,1.7543859649122824,102000000,1.957298634655915,10316000000,0.590952230306865,,3.067484662576687,9520582523.260014,58.4084817377915,1.9469493912597164
DXC,2019-03-31,5280000000,1444000000,480000000,,964000000,274000000,439000000,948000000,509000000,2.19,2.09,0.1,4.7847,29500000000,17766000000,2899000000,2424000000,4825000000,11384000000,478000000,270820000,5181000000,627000000.0,1666000000,748000000,156000000,51000000.0,-91000000,271000000,1.969872537659323,5.1893939393939394,4.7846889952153155,904000000,1.5606113843991567,7249000000,1.1959570957095709,,0.33211678832116787,11069134324.86906,40.3983004557265,2.096426955467625
DXC,2018-12-31,5178000000,1453000000,454000000,0.0,999000000,462000000,550000000,1062000000,512000000,2.23,2.05,0.18,8.7805,28871000000,17515000000,2475000000,2120000000,5338000000,11006000000,274000000,278990000,5096000000,626000000.0,1345000000,150000000,144000000,54000000.0,-806000000,466000000,3.291442250149612,8.92236384704519,8.780487804878058,294000000,1.591404688351808,7458000000,1.1674528301886793,0.0,1.7445887445887447,10818073642.1174,23.415743814106925,2.089237860586597
DXC,2018-09-30,5013000000,1495000000,442000000,0.0,1053000000,262000000,415000000,908000000,493000000,2.02,1.94,0.08,4.1237,28882000000,17045000000,2780000000,2194000000,4759000000,11487000000,136000000,285780000,4928000000,630000000.0,1358000000,412000000,130000000,54000000.0,-133000000,259000000,-5.0927678909504,5.226411330540595,4.12371134020619,542000000,1.4838513101767214,6953000000,1.2670920692798542,0.0,0.5076335877862596,15599029600.323648,59.53828091726584,3.11171545986907
DXC,2018-06-30,5282000000,1415000000,504000000,0.0,911000000,259000000,445000000,954000000,509000000,1.93,1.75,0.18,10.2857,29126000000,17312000000,2579000000,2868000000,4747000000,11464000000,0,289300000,5271000000,577000000.0,1326000000,473000000,128000000,51000000.0,-314000000,266000000,-16.078805211312364,4.903445664521015,10.285714285714283,601000000,1.510118632240056,7615000000,0.8992329149232915,0.0,1.2123552123552124,13773228700.618105,53.17848919157569,2.607578322722095
DXC,2018-03-31,6294000000,1971000000,933000000,0.0,1038000000,560000000,765000000,1392000000,627000000,2.28,2.22,0.06,2.7027,33921000000,20084000000,2593000000,1918000000,6306000000,13487000000,1301000000,290200000,5481000000,1077000000.0,1513000000,563000000,172000000,51000000.0,-66000000,565000000,1.745877788554795,8.897362567524626,2.702702702702685,735000000,1.4891376881441387,8224000000,1.3519290928050052,0.0,0.11785714285714285,14833101244.107307,26.487680793048764,2.356704995886131
DXC,2017-12-31,6186000000,1665000000,709000000,0.0,956000000,776000000,517000000,998000000,481000000,2.15,1.98,0.17,8.5859,33582000000,20380000000,2926000000,2897000000,6367000000,12924000000,834000000,289770000,5611000000,540000000.0,1510000000,999000000,206000000,51000000.0,-9000000,779000000,0.3731948726269696,12.544455221467832,8.585858585858583,1205000000,1.5769111730114516,9264000000,1.010010355540214,0.0,0.011597938144329897,13975362871.10987,18.00948823596633,2.2591921873763128
DXC,2017-09-30,6163000000,1851000000,642000000,0.0,1209000000,256000000,465000000,1006000000,541000000,1.93,1.53,0.4,26.1438,33176000000,20669000000,2671000000,2892000000,6325000000,12140000000,110000000,289290000,5676000000,610000000.0,1666000000,1009000000,246000000,52000000.0,-52000000,265000000,4.227972264501956,4.1538211909784195,26.1437908496732,1255000000,1.7025535420098847,9217000000,0.923582295988935,0.0,0.203125,12490940696.710075,48.79273709652373,2.026763053173791
DXC,2017-06-30,5913000000,1125000000,354000000,0.0,771000000,159000000,261000000,624000000,363000000,1.59,1.25,0.34,27.2,31216000000,18871000000,2517000000,1523000000,6249000000,12067000000,-74000000,289470000,5776000000,641000000.0,1961000000,534000000,139000000,20000000.0,-14000000,173000000,213.0227633668608,2.6889903602232366,27.200000000000006,673000000,1.5638518272975885,7772000000,1.6526592252133947,0.0,0.0880503144654088,11247527327.443726,70.73916558140708,1.9021693433863902
DXC,2017-03-31,1889000000,475000000,-26000000,0.0,501000000,-148000000,-157000000,-2000000,155000000,1.15,0.83,0.32,38.5542,8663000000,6497000000,1263000000,775000000,2225000000,1888000000,-170000000,141160000,1643000000,,410000000,173000000,105000000,19000000.0,-1000000,-138000000,-1.46061554512259,-7.834833245103229,38.554216867469876,278000000,3.441207627118644,3000000000,1.6296774193548387,0.0,-0.006756756756756757,10030488102.12164,-67.77356825757865,5.309946057237501
DXC,2016-12-31,1917000000,570000000,76000000,0.0,494000000,31000000,83000000,247000000,164000000,0.81,0.7,0.11,15.7143,8302000000,6108000000,1111000000,39000000,392000000,2194000000,-3000000,144810000,1627000000,35000000.0,367000000,563000000,112000000,20000000.0,5000000,37000000,2.4585783003741257,1.6171100678142931,15.714285714285731,675000000,2.7839562443026438,431000000,28.487179487179485,0.0,-0.16129032258064516,8672909001.569721,279.7712581151523,4.52420918183084
DXC,2016-09-30,1871000000,508000000,48000000,0.0,460000000,15000000,28000000,198000000,170000000,0.61,0.47,0.14,29.7872,8819000000,6494000000,1054000000,794000000,2506000000,2325000000,-14000000,143780000,1893000000,,281000000,192000000,149000000,20000000.0,-6000000,21000000,-3.0569948186528473,0.8017103153393906,29.787234042553195,341000000,2.7931182795698923,3300000000,1.327455919395466,0.0,0.4,6960043381.178547,464.0028920785698,3.7199590492669947
DXC,2016-06-30,1930000000,509000000,38000000,0.0,471000000,-21000000,-11000000,158000000,169000000,0.53,0.45,0.08,17.7778,8857000000,6628000000,1000000000,700000000,2543000000,2229000000,-10000000,138980000,1983000000,,368000000,50000000,121000000,19000000.0,-6000000,-20000000,6.806862202545649,-1.0880829015544042,17.777777777777782,171000000,2.9735307312696277,3243000000,1.4285714285714286,0.0,-0.2857142857142857,7140308691.913605,-340.01469961493353,3.6996418092816605
DXC,2016-03-31,1807000000,347000000,-59000000,65000000.0,406000000,-126000000,-41000000,114000000,155000000,0.73,0.68,0.05,7.3529,7759000000,5748000000,1178000000,710000000,1865000000,2011000000,33000000,138050000,1656000000,12000000.0,341000000,107000000,135000000,21000000.0,-65000000,-119000000,3.2571428571428473,-6.972883231876037,7.352941176470577,242000000,2.8582794629537545,2575000000,1.6591549295774648,3.597122302158273,-0.5158730158730159,4635316057.575256,-36.788222679168705,2.565199810500972
DXC,2015-12-31,1750000000,534000000,116000000,0.0,418000000,43000000,148000000,309000000,161000000,0.71,0.69,0.02,2.8986,8028000000,5811000000,1830000000,760000000,1909000000,2217000000,187000000,141570000,1670000000,51000000.0,211000000,254000000,165000000,345000000.0,90000000,45000000,-35.47197640117994,2.457142857142857,2.898550724637684,419000000,2.6211096075778078,2669000000,2.4078947368421053,0.0,-2.0930232558139537,4037764674.666361,93.90150406200839,2.307294099809349
DXC,2015-09-30,2712000000,742000000,253000000,0.0,489000000,167000000,76000000,279000000,203000000,1.26,1.14,0.12,10.5263,10013000000,6967000000,1818000000,894000000,1716000000,3046000000,1091000000,140850000,2127000000,,436000000,117000000,195000000,32000000.0,-3000000,173000000,-1.7747193045997811,6.157817109144543,10.526315789473696,312000000,2.2872619829284306,2610000000,2.033557046979866,0.0,0.017964071856287425,3744458246.62829,22.421905668432874,1.3806999434470097
DXC,2015-06-30,2761000000,735000000,244000000,,491000000,160000000,102000000,309000000,207000000,1.11,1.01,0.1,9.901,10116000000,7102000000,2199000000,911000000,1707000000,3014000000,954000000,141390000,2123000000,,412000000,324000000,146000000,32000000.0,-118000000,164000000,-5.087658989343414,5.795001810938065,9.90099009900991,470000000,2.3563370935633707,2618000000,2.4138309549945114,,0.7375,3951205587.773454,24.69503492358409,1.4310777210334857
DXC,2015-03-31,2909000000,476000000,-35000000,67000000.0,511000000,9000000,-35000000,180000000,215000000,1.26,1.2,0.06,5.0,10201000000,7252000000,2098000000,904000000,1550000000,2949000000,912000000,142812000,1502000000,,295000000,290000000,177000000,33000000.0,-346000000,13000000,,0.30938466827088346,5.000000000000004,467000000,2.459138691081723,2454000000,2.3207964601769913,2.303196974905466,38.44444444444444,3915493460.5150223,435.05482894611356,1.345992939331393
