ticker,fiscalDateEnding,totalRevenue,grossProfit,operatingIncome,researchAndDevelopment,operatingExpenses,netIncome,ebit,ebitda,depreciationAndAmortization,reportedEPS,estimatedEPS,surprise,surprisePercentage,totalAssets,totalLiabilities,cashAndCashEquivalentsAtCarryingValue,shortTermDebt,longTermDebt,totalShareholderEquity,retainedEarnings,commonStockSharesOutstanding,currentNetReceivables,inventory,currentAccountsPayable,operatingCashflow,capitalExpenditures,dividendPayout,proceedsFromRepurchaseOfEquity,cashflowNetIncome,revenueGrowthPct,netIncomeMarginPct,epsSurprisePct,freeCashFlow,debtToEquityRatio,totalDebt,cashRatio,rdIntensityPct,buybackRatio,marketCap,peRatio,psRatio
EBAY,2025-06-30,2730000000,1954000000,484000000,421000000,1470000000,368000000,539000000,646000000,107000000,1.37,1.29,0.08,6.2016,17961000000,13212000000,2587000000,1873000000,5002000000,4749000000,38542000000,470000000,1256000000,,336000000,-310000000,134000000,134000000.0,-624000000,369000000,5.609284332688591,13.47985347985348,6.201550387596905,-176000000,2.7820593809222993,6875000000,1.3812066203950881,15.421245421245422,1.6956521739130435,33201298248.291016,90.22091915296471,12.161647709996709
EBAY,2025-03-31,2585000000,1862000000,616000000,362000000,1246000000,503000000,695000000,774000000,79000000,1.38,1.2,0.18,15.0,18954000000,14004000000,3530000000,1125000000,5751000000,4950000000,38314000000,475000000,1167000000,,292000000,787000000,143000000,134000000.0,-615000000,505000000,0.23264831329972147,19.458413926499034,14.999999999999996,930000000,2.829090909090909,6876000000,3.137777777777778,14.003868471953579,1.2226640159045725,30481225685.11963,60.598858220913776,11.79157666735769
EBAY,2024-12-31,2579000000,1861000000,543000000,375000000,1318000000,679000000,682000000,761000000,79000000,1.25,1.21,0.04,3.3058,19365000000,14207000000,2759000000,1791000000,5752000000,5158000000,37951000000,501000000,947000000,,257000000,677000000,117000000,128000000.0,-911000000,680000000,0.11645962732920179,26.32803412175262,3.305785123966945,794000000,2.75436215587437,7543000000,1.5404801786711335,14.540519581233035,1.3416789396170838,27983281299.591064,41.212490868322625,10.850438658236163
EBAY,2024-09-30,2576000000,1849000000,595000000,374000000,1254000000,634000000,860000000,952000000,92000000,1.19,1.18,0.01,0.8475,19915000000,14495000000,1876000000,1358000000,6175000000,5420000000,37407000000,494000000,1059000000,185000000.0,283000000,755000000,109000000,131000000.0,-755000000,636000000,0.15552099533437946,24.611801242236027,0.8474576271186449,864000000,2.6743542435424352,7533000000,1.3814432989690721,14.518633540372672,1.1908517350157728,26461346687.316895,41.73713988535788,10.272261912778298
EBAY,2024-06-30,2572000000,1837000000,549000000,379000000,1288000000,224000000,393000000,470000000,77000000,1.18,1.13,0.05,4.4248,20378000000,14853000000,2197000000,1671000000,6174000000,5525000000,36926000000,507000000,1134000000,,319000000,367000000,89000000,135000000.0,-1030000000,226000000,0.6259780907668322,8.709175738724728,4.424778761061951,456000000,2.6883257918552035,7845000000,1.3147815679233992,14.735614307931572,4.598214285714286,24052517162.323,107.37730876037054,9.351678523453733
EBAY,2024-03-31,2556000000,1856000000,631000000,351000000,1225000000,438000000,602000000,678000000,76000000,1.25,1.2,0.05,4.1667,21418000000,15145000000,2209000000,1672000000,6174000000,6273000000,36826000000,519000000,1294000000,,300000000,615000000,143000000,139000000.0,-453000000,439000000,0.1960015680125382,17.136150234741784,4.1666666666666705,758000000,2.4143153196237845,7846000000,1.3211722488038278,13.732394366197184,1.0342465753424657,20949955696.105957,47.83094907786748,8.196383292686212
EBAY,2023-12-31,2551000000,1846000000,507000000,399000000,1339000000,724000000,507000000,605000000,98000000,1.07,1.03,0.04,3.8835,21620000000,15224000000,2008000000,868000000,6973000000,6396000000,36531000000,521000000,1206000000,,1321000000,122000000,126000000,129000000.0,-283000000,728000000,2.0399999999999974,28.381027048216385,3.883495145631071,248000000,2.3802376485303314,7841000000,2.313364055299539,15.64092512740102,0.39088397790055246,18059911502.838135,24.944629147566484,7.0795419454481125
EBAY,2023-09-30,2500000000,1795000000,455000000,401000000,1340000000,1305000000,1726000000,1823000000,97000000,1.03,1.0,0.03,3.0,21184000000,15285000000,2575000000,864000000,6973000000,5899000000,35941000000,532000000,1095000000,,303000000,862000000,85000000,132000000.0,-626000000,1305000000,-1.5748031496062964,52.2,3.0000000000000027,947000000,2.5911171384980505,7837000000,2.980324074074074,16.04,0.4796934865900383,19491727104.18701,14.936189351867442,7.796690841674804
EBAY,2023-06-30,2540000000,1822000000,518000000,392000000,1304000000,171000000,350000000,451000000,101000000,1.03,1.0,0.03,3.0,19956000000,14688000000,2268000000,1150000000,7721000000,5268000000,34775000000,537000000,789000000,,294000000,601000000,113000000,133000000.0,-250000000,171000000,1.195219123505975,6.73228346456693,3.0000000000000027,714000000,2.788154897494305,8871000000,1.9721739130434783,15.433070866141732,1.4619883040935673,19570554653.167725,114.44768803022062,7.704942776837687
EBAY,2023-03-31,2510000000,1810000000,558000000,352000000,1252000000,567000000,798000000,905000000,107000000,1.11,1.07,0.04,3.7383,20004000000,14617000000,2123000000,125000000,7721000000,5387000000,34744000000,541000000,903000000,-2000000.0,280000000,841000000,132000000,134000000.0,-242000000,567000000,0.0,22.589641434262948,3.738317757009349,973000000,2.7133840727677745,7846000000,16.984,14.023904382470121,0.42680776014109345,19872352401.7334,35.04824056743104,7.917271873200558
EBAY,2022-12-31,2510000000,1829000000,565000000,340000000,1264000000,672000000,565000000,672000000,107000000,1.07,1.06,0.01,0.9434,20850000000,15697000000,2154000000,1150000000,7721000000,5153000000,34315000000,544000000,763000000,-2000000.0,261000000,684000000,153000000,119000000.0,-315000000,672000000,5.462184873949583,26.772908366533866,0.9433962264150951,837000000,3.0461866873665824,8871000000,1.8730434782608696,13.545816733067728,0.46875,17954388545.98999,26.71784009819939,7.153142847007964
EBAY,2022-09-30,2380000000,1733000000,568000000,345000000,1165000000,-69000000,-25000000,79000000,104000000,1.0,0.93,0.07,7.5269,19097000000,14244000000,2065000000,1291000000,6579000000,4853000000,33766000000,548000000,843000000,-23000000.0,224000000,729000000,102000000,120000000.0,-286000000,-69000000,-1.7341040462427793,-2.899159663865546,7.526881720430103,831000000,2.935091695858232,7870000000,1.5995352439969017,14.495798319327733,-4.144927536231884,18915911357.87964,-274.14364286782086,7.947861915075478
EBAY,2022-06-30,2422000000,1759000000,525000000,344000000,1234000000,-531000000,-696000000,-583000000,113000000,0.99,0.89,0.1,11.236,19653000000,14410000000,1768000000,1293000000,6579000000,5243000000,33960000000,556000000,687000000,-7000000.0,249000000,228000000,111000000,121000000.0,-1473000000,-531000000,-2.456705598066855,-21.924029727497935,11.235955056179773,339000000,2.7484264733930956,7872000000,1.3673627223511213,14.203137902559867,-2.774011299435028,20767927288.05542,-39.11097417712885,8.574701605307771
EBAY,2022-03-31,2483000000,1794000000,692000000,301000000,1102000000,-1341000000,-1599000000,-1481000000,118000000,1.05,1.03,0.02,1.9417,22980000000,15926000000,1818000000,1901000000,6578000000,7054000000,34615000000,587000000,713000000,-4000000.0,245000000,613000000,83000000,129000000.0,-1069000000,-1341000000,-4.975124378109452,-54.007249295207416,1.9417475728155356,696000000,2.2577261128437764,8479000000,0.9563387690689111,12.122432541280709,-0.7971662938105891,24332526939.39209,-18.145061103200664,9.799648384773294
EBAY,2021-12-31,2613000000,1919000000,688000000,337000000,1231000000,1969000000,-1568000000,-1446000000,122000000,1.05,0.99,0.06,6.0606,26626000000,16848000000,1401000000,1505000000,7727000000,9778000000,36090000000,606000000,779000000,,262000000,293000000,103000000,107000000.0,-3089000000,1969000000,4.478208716513388,75.35399923459624,6.060606060606066,396000000,1.7230517488238903,9232000000,0.9308970099667774,12.897053195560659,1.568816658202133,28593853549.957275,14.522018054828479,10.942921373883381
EBAY,2021-09-30,2501000000,1823000000,662000000,334000000,1161000000,264000000,481000000,600000000,119000000,0.9,0.89,0.01,1.1236,29257000000,18312000000,1266000000,1355000000,7727000000,10945000000,34230000000,658000000,660000000,1570000000.0,265000000,255000000,159000000,116000000.0,-2233000000,264000000,-6.259370314842583,10.555777688924431,1.1235955056179785,414000000,1.6730927364093193,9082000000,0.9343173431734317,13.3546581367453,8.458333333333334,29530588142.39502,111.85828841816296,11.807512252057185
EBAY,2021-06-30,2668000000,1996000000,732000000,350000000,1264000000,10734000000,459000000,586000000,127000000,0.99,0.95,0.04,4.2105,31823000000,18807000000,2143000000,761000000,8331000000,13016000000,34086000000,685000000,622000000,1414000000.0,285000000,1067000000,99000000,121000000.0,-1429000000,10734000000,1.1372251705837666,402.32383808095955,4.210526315789478,1166000000,1.4449139520590042,9092000000,2.8160315374507228,13.118440779610193,0.13312837711943357,25667068958.28247,2.3911933070879887,9.620340689011421
EBAY,2021-03-31,2638000000,2032000000,841000000,304000000,1191000000,641000000,805000000,939000000,134000000,1.09,1.07,0.02,1.8692,18731000000,14961000000,1690000000,1172000000,5855000000,3770000000,23476000000,693000000,1364000000,1171000000.0,324000000,1042000000,83000000,122000000.0,-304000000,641000000,-8.019525801952575,24.298711144806674,1.8691588785046744,1125000000,3.9684350132625994,7027000000,1.4419795221843004,11.523881728582259,0.47425897035881437,23749403209.68628,37.05055102915176,9.002806372132783
EBAY,2020-12-31,2868000000,2126000000,677000000,299000000,1449000000,845000000,1723000000,1861000000,138000000,0.86,0.83,0.03,3.6145,19310000000,15749000000,1238000000,159000000,7745000000,3561000000,22961000000,697000000,652000000,1188000000.0,278000000,758000000,168000000,110000000.0,-427000000,845000000,27.01505757307352,29.463040446304046,3.6144578313253044,926000000,4.422634091547319,7904000000,7.786163522012578,10.425383542538354,0.5053254437869823,21118520469.665527,24.992331916763938,7.363500861110714
EBAY,2020-09-30,2258000000,1780000000,662000000,271000000,1118000000,664000000,662000000,819000000,157000000,0.85,0.77,0.08,10.3896,18421000000,15501000000,1089000000,17000000,7738000000,2920000000,22230000000,708000000,477000000,1116000000.0,307000000,105000000,132000000,111000000.0,-680000000,664000000,-3.3804022250748855,29.40655447298494,10.389610389610384,237000000,5.308561643835616,7755000000,64.05882352941177,12.00177147918512,1.0240963855421688,22882934738.15918,34.46225111168551,10.134160645774658
EBAY,2020-06-30,2337000000,1920000000,764000000,256000000,1156000000,746000000,764000000,918000000,154000000,1.08,1.06,0.02,1.8868,20014000000,17112000000,1025000000,516000000,8161000000,2902000000,21681000000,711000000,845000000,,305000000,964000000,98000000,112000000.0,-33000000,746000000,9.769844997651479,31.921266581086865,1.8867924528301903,1062000000,5.8966230186078565,8677000000,1.9864341085271318,10.954214805305948,0.04423592493297587,18954344516.75415,25.407968521118164,8.110545364464762
EBAY,2020-03-31,2129000000,1627000000,565000000,232000000,1062000000,3412000000,565000000,706000000,141000000,0.77,0.72,0.05,6.9444,18929000000,16814000000,899000000,1015000000,7724000000,2115000000,21051000000,757000000,635000000,,268000000,592000000,98000000,114000000.0,-3997000000,3412000000,-24.530308401276145,160.2630342883983,6.94444444444445,690000000,7.949881796690307,8739000000,0.8857142857142857,10.897134805072804,1.171453692848769,13904331865.310669,4.075126572482611,6.530921496153438
EBAY,2019-12-31,2821000000,2171000000,619000000,308000000,1552000000,556000000,816000000,983000000,167000000,0.81,0.76,0.05,6.5789,18174000000,15304000000,922000000,1020000000,6738000000,2870000000,17754000000,812000000,1180000000,,229000000,811000000,137000000,113000000.0,-1002000000,556000000,35.42966874699951,19.709322935129386,6.5789473684210575,948000000,5.332404181184669,7758000000,0.903921568627451,10.918114143920596,1.8021582733812949,14658913402.557371,26.36495216287297,5.196353563473013
EBAY,2019-09-30,2083000000,1553000000,408000000,243000000,1145000000,310000000,408000000,552000000,144000000,0.67,0.64,0.03,4.6875,18714000000,15444000000,909000000,680000000,7235000000,3270000000,17315000000,837000000,714000000,,296000000,1009000000,96000000,115000000.0,-1022000000,310000000,-14.032191498142799,14.882381180988958,4.687500000000004,1105000000,4.722935779816514,7915000000,1.3367647058823529,11.665866538646183,3.296774193548387,16570032997.131348,53.45171934558499,7.954888620802375
EBAY,2019-06-30,2423000000,1870000000,558000000,295000000,1312000000,402000000,558000000,726000000,168000000,0.68,0.62,0.06,9.6774,21169000000,17063000000,1521000000,2063000000,7243000000,4106000000,17125000000,867000000,797000000,,303000000,744000000,137000000,120000000.0,-1518000000,402000000,0.4144218814753353,16.5910028889806,9.677419354838717,881000000,4.155625913297613,9306000000,0.737275811924382,12.174989682212134,3.7761194029850746,15874871536.254885,39.48973018968877,6.5517422766219084
EBAY,2019-03-31,2413000000,1874000000,593000000,272000000,1281000000,518000000,593000000,755000000,162000000,0.67,0.63,0.04,6.3492,22329000000,17126000000,1712000000,1550000000,7700000000,5203000000,16847000000,908000000,716000000,,251000000,550000000,182000000,125000000.0,-1431000000,518000000,-16.12791101842197,21.46705346042271,6.349206349206354,732000000,3.291562560061503,9250000000,1.104516129032258,11.2722751761293,2.7625482625482625,15162691818.237305,29.271605826712943,6.283751271544677
EBAY,2018-12-31,2877000000,2259000000,681000000,292000000,1578000000,760000000,1503000000,1675000000,172000000,0.71,0.68,0.03,4.4118,22819000000,16538000000,2219000000,1546000000,7685000000,6281000000,16459000000,950000000,1382000000,,286000000,1233000000,130000000,750000000.0,-1511000000,760000000,8.607021517553793,26.416405978449774,4.41176470588234,1363000000,2.6330202197102373,9231000000,1.4353169469598965,10.149461244351755,1.9881578947368421,11848535293.579102,15.590178017867238,4.1183647179628435
EBAY,2018-09-30,2649000000,2041000000,556000000,307000000,1485000000,721000000,556000000,731000000,175000000,0.56,0.54,0.02,3.7037,23652000000,16723000000,2101000000,1546000000,7661000000,6929000000,15699000000,983000000,761000000,,225000000,558000000,179000000,125000000.0,-991000000,721000000,0.3409090909090917,27.217818044545112,3.703703703703707,737000000,2.413479578582768,9207000000,1.3589909443725743,11.589278973197432,1.374479889042996,13652547256.469728,18.935571784285337,5.1538494739410075
EBAY,2018-06-30,2640000000,2043000000,406000000,352000000,1637000000,642000000,406000000,576000000,170000000,0.53,0.51,0.02,3.9216,23988000000,16842000000,1636000000,3000000,9201000000,7146000000,14977000000,1004000000,745000000,,253000000,372000000,184000000,125000000.0,-991000000,642000000,2.3255813953488413,24.31818181818182,3.921568627450984,556000000,2.356842989084803,9204000000,545.3333333333334,13.333333333333334,1.543613707165109,15395337425.231934,23.980276363289615,5.8315672065272475
EBAY,2018-03-31,2580000000,2021000000,579000000,334000000,1442000000,407000000,579000000,758000000,179000000,0.53,0.53,0.0,0.0,24555000000,16959000000,2546000000,20000000,9208000000,7596000000,14335000000,1029000000,683000000,0.0,252000000,495000000,158000000,0.0,-1009000000,407000000,-1.2629161882893203,15.775193798449614,0.0,653000000,2.2326224328593995,9228000000,127.3,12.945736434108527,2.479115479115479,16562643077.850342,40.69445473673303,6.419629099941993
EBAY,2017-12-31,2613000000,2023000000,663000000,317000000,1360000000,-2601000000,966000000,1138000000,172000000,0.59,0.59,0.0,0.0,25986000000,17937000000,2140000000,781000000,9234000000,8063000000,13943000000,1035000000,1358000000,,330000000,988000000,192000000,,-922000000,-2601000000,4.6036829463570905,-99.54075774971297,0.0,1180000000,2.2246062259704824,10015000000,2.7400768245838667,12.13164944508228,-0.354479046520569,15362686847.686768,-5.9064539975727675,5.879329065322146
EBAY,2017-09-30,2498000000,1941000000,574000000,316000000,1367000000,520000000,574000000,747000000,173000000,0.48,0.48,0.0,0.0,25943000000,14660000000,1782000000,749000000,9249000000,11283000000,16544000000,1078000000,626000000,0.0,260000000,877000000,157000000,0.0,-907000000,523000000,3.265812319140138,20.816653322658127,0.0,1034000000,1.2992998316050697,9998000000,2.3791722296395195,12.650120096076861,1.7442307692307693,14746389545.440674,28.358441433539756,5.903278440929013
EBAY,2017-06-30,2419000000,1859000000,480000000,313000000,1379000000,29000000,480000000,648000000,168000000,0.45,0.45,0.0,0.0,27483000000,16009000000,2657000000,2215000000,9251000000,11474000000,16021000000,1091000000,619000000,0.0,284000000,699000000,182000000,0.0,-507000000,27000000,5.036908380373428,1.1988424968995453,0.0,881000000,1.3952414153738888,11466000000,1.199548532731377,12.939231087226128,17.482758620689655,13999471628.189089,482.74040097203755,5.787297076556052
EBAY,2017-03-31,2303000000,1789000000,547000000,278000000,1242000000,1035000000,547000000,710000000,163000000,0.49,0.48,0.01,2.0833,24808000000,13213000000,1999000000,2210000000,6756000000,11595000000,15994000000,1102000000,592000000,0.0,296000000,582000000,135000000,0.0,-410000000,1035000000,-3.8413361169102322,44.941380807642204,2.0833333333333353,717000000,1.1395429064251832,8966000000,0.9045248868778281,12.071211463308726,0.3961352657004831,13701530096.054075,13.238193329520845,5.949426876271852
EBAY,2016-12-31,2395000000,1856000000,638000000,292000000,1218000000,5936000000,2189000000,2365000000,176000000,0.54,0.54,0.0,0.0,23847000000,13308000000,1835000000,1451000000,7509000000,10539000000,14959000000,1119000000,1182000000,0.0,283000000,620000000,136000000,0.0,-941000000,5936000000,8.028867839422649,247.84968684759917,0.0,756000000,1.2627384002277255,8960000000,1.264645072363887,12.192066805845512,0.1585242587601078,11636296951.293943,1.9602926130886023,4.858579102836719
EBAY,2016-09-30,2217000000,1719000000,542000000,288000000,1177000000,413000000,542000000,714000000,172000000,0.45,0.44,0.01,2.2727,20502000000,13683000000,1777000000,1449000000,7582000000,6819000000,9036000000,1139000000,626000000,0.0,278000000,802000000,185000000,0.0,-501000000,413000000,-0.5829596412556093,18.628777627424448,2.2727272727272747,987000000,2.006599208095029,9031000000,1.2263630089717046,12.990527740189444,1.2130750605326877,13126036863.327026,31.782171581905633,5.920630069159687
EBAY,2016-06-30,2230000000,1737000000,531000000,295000000,1206000000,435000000,531000000,698000000,167000000,0.43,0.42,0.01,2.381,19993000000,13540000000,2001000000,68000000,9054000000,6453000000,8642000000,1149000000,628000000,0.0,304000000,763000000,147000000,0.0,-500000000,435000000,4.351895180159104,19.506726457399104,2.380952380952383,910000000,2.0982488764915543,9122000000,29.426470588235293,13.228699551569505,1.1494252873563218,9971052993.774414,22.921960905228538,4.471324212454895
EBAY,2016-03-31,2137000000,1660000000,614000000,239000000,1046000000,482000000,614000000,781000000,167000000,0.47,0.45,0.02,4.4444,19608000000,13291000000,2686000000,6000000,9030000000,6317000000,8207000000,1170000000,599000000,0.0,275000000,641000000,158000000,0.0,-1001000000,482000000,-7.967269595176574,22.55498362189986,4.444444444444437,799000000,2.1040050656957416,9036000000,447.6666666666667,11.183902667290594,2.0767634854771786,9713921632.766724,20.15336438333345,4.54558803592266
EBAY,2015-12-31,2322000000,1829000000,662000000,229000000,1167000000,477000000,1015000000,1186000000,171000000,0.5,0.5,0.0,0.0,17785000000,11209000000,1832000000,72000000,6779000000,6576000000,7713000000,1204000000,619000000,0.0,349000000,1040000000,129000000,5000000.0,-637000000,477000000,10.624106717484526,20.54263565891473,0.0,1169000000,1.7045316301703164,6851000000,25.444444444444443,9.862187769164512,1.3354297693920336,11387326927.18506,23.87280278235862,4.904102897151189
EBAY,2015-09-30,2099000000,1666000000,578000000,241000000,1088000000,539000000,578000000,760000000,182000000,0.43,0.4,0.03,7.5,18338000000,11846000000,2387000000,625000000,6814000000,6338000000,7255000000,1223000000,595000000,1232000000.0,175000000,686000000,242000000,1615000000.0,-512000000,539000000,-0.5213270142180093,25.67889471176751,7.499999999999993,928000000,1.8690438624171664,7439000000,3.8192,11.481657932348737,0.9499072356215214,11064891796.11206,20.52855620800011,5.271506334498361
EBAY,2015-06-30,2110000000,1676000000,428000000,232000000,1248000000,83000000,428000000,602000000,174000000,0.76,0.72,0.04,5.5556,45658000000,25853000000,4971000000,865000000,6757000000,19805000000,19609000000,1225000000,15166000000,1186000000.0,368000000,1156000000,421000000,0.0,108000000,83000000,2.3774866569626463,3.9336492890995256,5.555555555555561,1577000000,1.3053774299419338,7622000000,5.746820809248555,10.995260663507109,-1.3012048192771084,10347992919.921877,124.67461349303466,4.904262047356339
EBAY,2015-03-31,2061000000,1650000000,529000000,221000000,1121000000,626000000,529000000,689000000,160000000,0.77,0.7,0.07,10.0,44841000000,25303000000,5473000000,868000000,6795000000,19538000000,19526000000,1229000000,15172000000,0.0,393000000,1151000000,322000000,0.0,-1000000000,626000000,,30.373605046094127,10.000000000000009,1473000000,1.2950660251816972,7663000000,6.305299539170507,10.722950024260069,1.597444089456869,9908236936.569214,15.827854531260725,4.807490022595446
