ticker,fiscalDateEnding,totalRevenue,grossProfit,operatingIncome,researchAndDevelopment,operatingExpenses,netIncome,ebit,ebitda,depreciationAndAmortization,reportedEPS,estimatedEPS,surprise,surprisePercentage,totalAssets,totalLiabilities,cashAndCashEquivalentsAtCarryingValue,shortTermDebt,longTermDebt,totalShareholderEquity,retainedEarnings,commonStockSharesOutstanding,currentNetReceivables,inventory,currentAccountsPayable,operatingCashflow,capitalExpenditures,dividendPayout,proceedsFromRepurchaseOfEquity,cashflowNetIncome,marketCap,stockPrice,sharesOutstanding
EPAM,2025-06-30,1353443000,389431000,126476000,None,262955000,88026000,126476000,168402000,41926000,2.77,2.61,0.16,6.1303,4710696000,1042334000,1041344000,40433000,25038000,3667780000,2360343000,56898000,1158956000,None,45278000,53198000,9831000,None,-196533000,88026000,10060704360.0,176.82,56898000
EPAM,2025-03-31,1301692000,349684000,99330000,None,250354000,73482000,99330000,140696000,41366000,2.41,2.27,0.14,6.1674,4723612000,1080396000,1173639000,39468000,25059000,3642634000,2468955000,57262000,1090080000,None,44455000,24162000,9329000,None,-159998000,73482000,9668116080.0,168.84,57262000
EPAM,2024-12-31,1248351000,380037000,136512000,None,243525000,103299000,136512000,172562000,36050000,2.84,2.75,0.09,3.2727,4750473000,1119322000,1286267000,39634000,25194000,3629211000,2555796000,57435000,1002175000,None,44702000,130259000,15727000,None,-13003000,103299000,13429451700.0,233.82,57435000
EPAM,2024-09-30,1167527000,403535000,176979000,None,226556000,136346000,176979000,205993000,29014000,3.12,2.7,0.42,15.5556,4457197000,902568000,2036394000,37561000,25331000,3554047000,2465269000,57425000,935077000,None,30774000,241962000,4966000,None,-49955000,136346000,11429297750.0,199.03,57425000
EPAM,2024-06-30,1146597000,335740000,120561000,None,215179000,98645000,120561000,151021000,30460000,2.45,2.26,0.19,8.4071,4223329000,825370000,1787182000,36829000,25501000,3397377000,2379332000,58149000,960866000,-102612000,30954000,57027000,4704000,None,-214477000,98645000,10791291420.0,185.58,58149000
EPAM,2024-03-31,1165465000,331131000,110532000,None,220599000,116243000,110532000,142112000,31580000,2.46,2.32,0.14,6.0345,4374577000,898892000,1983721000,36205000,25787000,3475110000,2496757000,58931000,931409000,1,27247000,129920000,6749000,None,-120593000,116243000,16032178550.0,272.05,58931000
EPAM,2023-12-31,1157257000,359624000,122494000,None,237130000,97554000,122494000,155712000,33218000,2.75,2.5,0.25,10,4352365000,880895000,2036235000,36558000,26126000,3470891000,2501107000,58913000,897032000,1,31992000,171369000,9995000,23143000,-36491000,97554000,17156643860.000002,291.22,58913000
EPAM,2023-09-30,1152136000,357871000,114028000,None,243843000,97204000,139950000,173256000,33306000,2.73,2.56,0.17,6.6406,4162272000,862254000,1872977000,38294000,27500000,3299439000,2440043000,58948000,913029000,1,25415000,214879000,3624000,None,-78486000,97204000,14845464320.0,251.84,58948000
EPAM,2023-06-30,1170206000,361491000,144346000,None,217145000,120033000,144346000,177699000,33353000,2.64,2.34,0.3,12.8205,4093697000,830357000,1776919000,39001000,25854000,3262761000,2421326000,59181000,917536000,None,27289000,89052000,6883000,23143000,-41437000,120033000,13300929750.0,224.75,59181000
EPAM,2023-03-31,1210941000,355040000,120371000,None,234669000,102292000,120371000,153196000,32825000,2.47,2.34,0.13,5.5556,4071345000,940903000,1749422000,40932000,28253000,3128964000,2342730000,59298000,934236000,None,28857000,87334000,7913000,None,-8510000,102292000,17730102000.0,299.0,59298000
EPAM,2022-12-31,1231303000,398575000,170477000,None,228098000,155039000,170477000,204064000,33587000,2.93,2.68,0.25,9.3284,4009151000,1006141000,1681344000,43213000,27693000,3001532000,2248948000,59349000,932626000,1,30852000,186069000,21495000,None,-4455000,155039000,19669445580.0,331.42,59349000
EPAM,2022-09-30,1226920000,400124000,180227000,None,219897000,156054000,180227000,213402000,33175000,3.1,2.53,0.57,22.5296,3735603000,976959000,1487599000,46392000,28198000,2757166000,2093909000,59357000,917139000,1,28288000,252368000,18708000,9203000,-1305000,156054000,21498511830.0,362.19,59357000
EPAM,2022-06-30,1194861000,348538000,93020000,None,255518000,18604000,93020000,127261000,34241000,2.38,1.72,0.66,38.3721,3563964000,939958000,1293518000,47826000,30221000,2622353000,1937855000,59020000,929217000,1,22488000,77515000,18152000,None,-16920000,18604000,17397915600.0,294.78,59020000
EPAM,2022-03-31,1171614000,390778000,129242000,None,261536000,89719000,129242000,168288000,39046000,2.49,1.77,0.72,40.678,3507570000,953814000,1276461000,56921000,30550000,2552103000,1919251000,58941000,901260000,None,19406000,-51848000,23274000,None,-3876000,89719000,17482490010.0,296.61,58941000
EPAM,2021-12-31,1107464000,380197000,165667000,None,214530000,142279000,165667000,204321000,38654000,2.76,2.51,0.25,9.9602,3523227000,1027390000,1446625000,66122000,30234000,2487117000,1829532000,59254000,768928000,None,24847000,284614000,56617000,None,-7490000,142279000,39608336300.0,668.45,59254000
EPAM,2021-09-30,988539000,335165000,144124000,None,191041000,115656000,144124000,180864000,36740000,2.42,2.22,0.2,9.009,3242233000,903114000,1266614000,51174000,25024000,2339119000,1687253000,59203000,755588000,1,8086000,206050000,21111000,None,-412000,115656000,33774127440.0,570.48,59203000
EPAM,2021-06-30,881366000,297638000,125274000,None,172364000,114671000,125274000,161548000,36274000,2.05,1.94,0.11,5.6701,2961615000,748947000,1283233000,77821000,29000,2212668000,1571597000,59011000,682236000,None,9712000,68836000,22587000,None,-30392000,114671000,30152260560.0,510.96,59011000
EPAM,2021-03-31,780775000,261447000,107251000,None,154196000,109046000,107251000,140734000,33483000,1.81,1.68,0.13,7.7381,2780541000,716602000,1372829000,56179000,25032000,2063939000,1456926000,58778000,585041000,None,7168000,12827000,11186000,None,-3304000,109046000,23316644820.0,396.69,58778000
EPAM,2020-12-31,723493000,257701000,111993000,None,145708000,85539000,111993000,144674000,32681000,1.81,1.71,0.1,5.848,2721332000,738314000,1322143000,60759000,25038000,1983018000,1347880000,58774000,501062000,1,10189000,159432000,18482000,None,-3919000,85539000,21061662900.0,358.35,58774000
EPAM,2020-09-30,652243000,228855000,96396000,None,132459000,89432000,96396000,128958000,32562000,1.65,1.47,0.18,12.2449,2555425000,695191000,1161065000,61107000,25039000,1860234000,1262341000,58616000,493225000,1,10785000,175564000,9787000,None,-314000,89432000,18949380480.0,323.28,58616000
EPAM,2020-06-30,632383000,212843000,83426000,None,129417000,66624000,83426000,115670000,32244000,1.46,1.21,0.25,20.6612,2389130000,636036000,993724000,60937000,25044000,1753094000,1172909000,58246000,506908000,1,7596000,146156000,11449000,None,-14881000,66624000,14678574460.0,252.01,58246000
EPAM,2020-03-31,651359000,227557000,87509000,None,140048000,85565000,87509000,119265000,31756000,1.43,1.4,0.03,2.1429,2311881000,664399000,916253000,60108000,25046000,1647482000,1106285000,58143000,542698000,None,5232000,63255000,29075000,None,-1018000,85565000,10794829380.0,185.66,58143000
EPAM,2019-12-31,632775000,222706000,84745000,None,137961000,74524000,84745000,113363000,28618000,1.51,1.45,0.06,4.1379,2244208000,648063000,936552000,57542000,25074000,1596145000,1020590000,57965000,497716000,1,7831000,124587000,47013000,None,-982000,74524000,12297854400.0,212.16,57965000
EPAM,2019-09-30,588103000,210578000,80565000,None,130013000,67002000,80565000,106163000,25598000,1.39,1.33,0.06,4.5113,2040163000,548046000,853241000,51424000,25000000,1492117000,946066000,57844355,482061000,None,6896000,119039000,27270000,None,-1437000,67002000,10546182803.6,182.32,57844355
EPAM,2019-06-30,551587000,195672000,72882000,None,122790000,58777000,72882000,97455000,24573000,1.28,1.23,0.05,4.065,1931451000,509204000,777365000,48429000,25000000,1422247000,879064000,57614000,479650000,None,6043000,44029000,11601000,None,-11876000,58777000,10180969940.0,176.71,57614000
EPAM,2019-03-31,521333000,176644000,64658000,None,111986000,60754000,64658000,87045000,22387000,1.25,1.17,0.08,6.8376,1831435000,493210000,762529000,39856000,25000000,1338225000,820287000,57236427,451354000,None,4397000,-202000,13424000,None,-1208000,60754000,9794297388.24,171.12,57236427
EPAM,2018-12-31,504931000,185900000,78270000,0,107630000,59965000,78270000,88453000,10183000,1.27,1.23,0.04,3.252,1611802000,349206000,770560000,225325000,25031000,1262596000,759533000,56887000,402337000,None,7444000,123130000,10109000,None,-679000,59965000,6599460870.0,116.01,56887000
EPAM,2018-09-30,468186000,167105000,64560000,0,102545000,65618000,64560000,73879000,9319000,1.17,1.05,0.12,11.4286,1503982000,308047000,685108000,None,25028000,1195935000,699568000,56963000,414248000,0,8422000,102299000,8162000,0,-372000,65618000,7862602890.0,138.03,56963000
EPAM,2018-06-30,445647000,156472000,54237000,0,102235000,50255000,54237000,63199000,8962000,1.01,0.99,0.02,2.0202,1392195000,279392000,584081000,25020000,25020000,1112803000,633950000,56587000,408519000,1,6727000,59459000,8592000,0,-6590000,50255000,7033198230.0,124.29,56587000
EPAM,2018-03-31,424148000,146514000,48697000,0,97817000,64418000,48697000,56873000,8176000,0.93,0.91,0.02,2.1978,1343402000,288054000,535857000,25025000,25025000,1055348000,583695000,56241000,401169000,0,8474000,7330000,10711000,0,-106000,64418000,6310240200.0,112.2,56241000
EPAM,2017-12-31,399297000,145176000,52050000,0,93126000,-30874000,52050000,59746000,7696000,1.01,0.97,0.04,4.1237,1250256000,275309000,582585000,152615000,25033000,974947000,518820000,52879000,354252000,1,5574000,71384000,12925000,0,-106000,-30874000,5732083600.0,108.4,52879000
EPAM,2017-09-30,377523000,138154000,49248000,0,88906000,42634000,49248000,56422000,7174000,0.92,0.85,0.07,8.2353,1173006000,187861000,512493000,25041000,25041000,985145000,549694000,55229000,338889000,1,5592000,64884000,5440000,0,-386000,42634000,4865674900.0,88.1,55229000
EPAM,2017-06-30,348977000,128845000,40682000,0,88163000,37359000,40682000,47702000,7020000,0.8,0.81,-0.01,-1.2346,1079383000,159677000,443501000,25033000,25033000,919706000,507060000,54848000,318664000,2638000,4253000,27868000,5716000,0,-8000,37359000,4612168320.0,84.09,54848000
EPAM,2017-03-31,324651000,116921000,30966000,0,85955000,23641000,30966000,37638000,6672000,0.72,0.74,-0.02,-2.7027,986987000,151885000,398419000,None,25040000,835102000,469701000,53889000,282218000,268000,3256000,31228000,5725000,0,-2694000,23641000,4069697280.0,75.52,53889000
EPAM,2016-12-31,313525000,115299000,37383000,0,77916000,24763000,37383000,43620000,6237000,0.77,0.79,-0.02,-2.5316,925811000,144399000,362025000,107129000,25048000,781412000,444320000,53380000,266033000,2400000,3213000,53651000,9336000,0,-539000,24763000,3398170800.0,63.66,53380000
EPAM,2016-09-30,298293000,107496000,33902000,0,73594000,26174000,33902000,39827000,5925000,0.76,0.75,0.01,1.3333,909199000,159087000,330627000,113284000,33062000,750112000,419557000,53864000,272891000,1,4661000,61812000,6392000,0,3272000,26174000,3733313840.0,69.31,53864000
EPAM,2016-06-30,283832000,103050000,32080000,0,70970000,24430000,32080000,38203000,6123000,0.71,0.72,-0.01,-1.3889,843888000,134921000,280724000,21765000,40088000,708967000,393383000,53271000,277525000,0,3005000,38493000,7404000,0,9470000,24430000,3425858010.0,64.31,53271000
EPAM,2016-03-31,264482000,97101000,30331000,0,66770000,23899000,30331000,35433000,5102000,0.66,0.72,-0.06,-8.3333,807865000,150243000,244877000,25945000,40116000,657622000,368953000,52883000,275531000,12569000,3562000,10861000,6185000,0,3108000,23899000,3948773610.0,74.67,52883000
EPAM,2015-12-31,260253000,101962000,31765000,0,70197000,27638000,31765000,36664000,4899000,0.78,0.73,0.05,6.8493,778536000,165313000,199449000,117941000,35000000,613223000,345054000,52670000,273114000,11847000,2576000,11839000,3760000,0,3068000,27638000,4140915400.0000005,78.62,52670000
EPAM,2015-09-30,236049000,87570000,27776000,0,59794000,22873000,27776000,32169000,4393000,0.7,0.68,0.02,2.9412,703728000,130860000,214443000,26401000,15000000,572868000,317412000,52344000,233303000,2109000,12061000,55520000,5350000,0,3652000,22873000,3900674880.0,74.52,52344000
EPAM,2015-06-30,217781000,83525000,23606000,0,59919000,19231000,23606000,27509000,3903000,0.64,0.64,0,0,636493000,92433000,175717000,75306000,0,544060000,294539000,51917000,229783000,1831000,11993000,2163000,5390000,0,10100000,19231000,3698047910.0,71.23,51917000
EPAM,2015-03-31,200045000,74158000,22820000,0,51338000,14714000,22820000,27020000,4200000,0.61,0.54,0.07,12.963,609534000,121703000,192363000,67159000,0,487831000,275312000,51000000,195245000,1817000,13366000,6871000,3464000,0,3855000,14714000,3125790000.0,61.29,51000000
