ticker,fiscalDateEnding,totalRevenue,grossProfit,operatingIncome,researchAndDevelopment,operatingExpenses,netIncome,ebit,ebitda,depreciationAndAmortization,reportedEPS,estimatedEPS,surprise,surprisePercentage,totalAssets,totalLiabilities,cashAndCashEquivalentsAtCarryingValue,shortTermDebt,longTermDebt,totalShareholderEquity,retainedEarnings,commonStockSharesOutstanding,currentNetReceivables,inventory,currentAccountsPayable,operatingCashflow,capitalExpenditures,dividendPayout,proceedsFromRepurchaseOfEquity,cashflowNetIncome,marketCap,stockPrice,sharesOutstanding
GFAI,2025-06-30,18207186,2954963,-2480761,522503,5435724,-2236077,-2439777,-738993,1700784,,,,,47508660,13284096,23452268,3075510,None,34276168,-66217417,19996747,5002723,287812,4527716,-729610,482658,None,None,-2236077,22996259.049999997,1.15,19996747.0
GFAI,2025-03-31,18780529,3043992,-4640093,591225,7684085,-4016571,-4418208,-1763548,2654660,-0.33,0,-0.33,None,44692419,12703151,21936422,1715141,None,32049827,-64204840,11161053,6615822,387990,2004404,-1538214,272134,None,None,-3997106,11068416.2601,0.9917,11161053.0
GFAI,2024-12-31,,,,,,,,,,,,,,44692419,12703151,21936422,None,None,32049827,-64204840,17808947,5922345,387990,2004404,,,,,,25466794.209999997,1.43,17808947.0
GFAI,2024-06-30,17566844,3213470,-2081862,106835,5295332,-1847594,-2084375,-1371773,712602,-0.19,0,-0.19,None,36183978,12568730,13979217,1698126,None,23686105,-60188269,9991600,6058415,381155,2553826,-1829006,34442,None,None,-1847594,22081436.0,2.21,9991600.0
GFAI,2024-03-31,17867210,1728424,-10609450,84756,12337877,-15752442,-16145719,-13521480,2624239,,,,,45814948,20662173,20235227,4920218,None,25231825,-58340675,9830373,8817280,506403,2113401,-144839,1079237,None,-49664,-15786580,37355417.4,3.8,9830373.0
GFAI,2023-12-31,,,,,,,,,,,,,,45814948,20662173,20235227,None,44410,25231825,-58340675,9830373,5630805,650163,2113401,,,,,,32735142.09,3.33,9830373.0
GFAI,2023-09-30,18413292,1222866,-9029400,95322,10252266,-13819219,-9029401,-6410400,2619001,,,,,64144701,39091609,24755436,7798785,None,25144636,-42588233,3174282,13721705,1636245,2596576,-1046862,1046308,1218315,-49664,-13819219,13935097.979999999,4.39,3174282.0
GFAI,2023-06-30,18413292,1222866,-9029400,95322,10252266,-13819219,-12390108,-9771108,2619000,,,,,64144701,39091609,24755436,7628957,15164877,25144636,-42588233,3174282,13721705,1636245,2596576,-1046862,1046308,None,-49664,-13819219,15998381.28,5.04,3174282.0
GFAI,2023-03-31,17535426,466189,-6930460,99947,7396653,-12257972,-11141833,-7857804,3284029,0,0,0,None,61342675,42160373,6930639,10363877,None,19243631,-28769014,1569433,21848160,5105770,2060855,-5362445,2252717,None,-49664,-12257972,11111585.64,7.08,1569433.0
GFAI,2022-12-31,8788297.50,1017089.25,-878421.50,None,None,-1370481.75,-1307488,-991991,315497,-14.97,0,-14.97,None,61166974,42034672,6930639,7998654,15355467,19193631,-28769014,438430,21483647,5105770,2633995,244791,1312178.75,None,None,-1372913.50,71464.09,0.163,438430.0
GFAI,2022-09-30,None,None,None,None,None,None,-3372782,None,None,0,0,0,None,None,None,None,None,None,None,-28545514,None,20726623,None,2633995,-3019327,708426,None,None,-6128986,,,
GFAI,2022-06-30,16942522,767090,-5549640,None,6316726,-6306822,-6248536,-3551158,2697378,0,0,0,None,68859866,39430619,7728491,18906298,2446416,29421704,-16511042,880899,5652116,8769701,2748393,-13827792,5392214,None,None,-6306822,400104.3258,0.4542,880899.0
GFAI,2022-03-31,16748165,983411,-2392450,None,3375861,-3926653,-4125452,-1585708,2539744,0,0,0,None,42058756,35483777,14328783,19160973,None,6535044,-10204220,530046,5091556,1387549,675227,-1720598,2997373,None,None,-3926653,816270.84,1.54,530046.0
GFAI,2021-12-31,8788297.50,1017089.25,-1307488,None,1633321.25,-1372913.50,-1307488,-991991,315497,,,,,41752237,35227258,12728783,17424640,6191923,6485044,-10204220,438430,4965575,1387549,1028721,244791,1312178.75,None,None,-1372913.50,473504.4,1.08,438430.0
GFAI,2021-09-30,18405025,1822958,-1311280,None,3134234,-1555274,-1114232,1378666,2492898,,,,,37488598,40931933,7725129,4047602,None,-3493089,-6277568,145718,6122859,2553957,2396957,1773559,2251341,None,None,-1555274,577043.28,3.96,145718.0
GFAI,2021-06-30,8788297.50,1017089.25,-878421.50,None,1633321.25,-1370481.75,-1307488,-991991,315497,,,,,37438598,40931933,7725129,4292431,19114290,-3543089,-6277568,438430,6122859,2638681,2396957,244791,1312178.75,None,None,-1372913.50,1117996.5,2.55,438430.0
GFAI,2021-03-31,18919996,2903986,-1315620,None,4219608,-1552682,-2154053,393683,2547736,,,,,36355921,38465939,8414044,3583912,None,-2159681,-4722294,144634,6667412,495081,1366482,3862846,1237092,None,None,-1552682,368816.69999999995,2.55,144634.0
GFAI,2020-12-31,9412195.50,1568671,-99947,None,1681857,-781506,-99947,-496109.75,-396162.75,,,,,35974827,38134845,8414044,3583912,20079681,-2209681,-4722294,430610,6667412,630634,1366482,1226875.25,357876.5,None,None,-785563.75,1076525.0,2.5,430610.0
GFAI,2020-09-30,9412195,1568671,-99947,None,1681857,-781506,-99947,-496109.75,-396162.75,,,,,8993706,9533711,2103511,184955,None,-540004.50,-1180573.50,430610,1666853,157658,341620,1226875,357876.5,None,None,-785563.75,,,
GFAI,2020-06-30,18728786,3203318,-806930,None,4010244,-1573342,-806926,1679357,2486283,,,,,8993706,9533711,2103511,184955,None,-540004.50,-1180573.50,142424,1666853,157658,341620,796608,194414,None,None,-1573342,,,
GFAI,2020-03-31,9412195,1568671,-99947,None,1681857,-781506,-99947,-496109.75,-396162.75,0.01,0,0.01,None,8993706,9533711,2103511,184955,None,-540004.50,-1180573.50,430610,1666853,157658,341620,1226875,357876.5,None,None,-785563.75,,,
GFAI,2019-12-31,19945273,1751268,478290,None,1272974,285970,-2079203,420793,2499996,,,,,39754628,38377721,6078691,22979796,None,1311013,-1596270,433907,5948132,1,1400504,1889893,651638,None,None,285970,,,
GFAI,2019-09-30,9642770,1160646,-27745.50,None,1163901,13508,257243,295572,38329,,,,,9822580,9490853,1519672,4819366,None,331726,-399067.50,433907,1484763,39512,350126,1248152,120169,None,None,15019,,,
GFAI,2019-06-30,18625807,2738000,-589280,None,3327276,-231935,-658226,2131819,2790045,,,,,36062501,34834301,2859332,17473522,None,1166345,-1916263,433907,5971735,1,888155,2842539,1132315,None,None,-231935,,,
GFAI,2019-03-31,9642770,1160646,-27745.50,None,1163901,13508,257243,295572,38329,,,,,9822580,9490853,1519672,4819366,None,331726,-399067.50,433907,1484763,39512,350126,1248152,120169,None,None,15019,,,
GFAI,2018-12-31,18394797,1858079,712319,None,1912025,-390517,712319,1917319,1205000,,,,,30496363,29323851,4432335,17149832,None,1112660,-1426805,416667,6375281,1,1442262,3259227,847675,None,-1000000,-390517,,,
GFAI,2018-06-30,18949508,3885376,1069597,None,2895839,467348,1010642,2252376,1241734,,,,,None,None,None,None,None,None,None,416667,None,None,None,955980,996502,None,None,467348,,,
GFAI,2017-12-31,,,,,,,,,,,,,,27577384,25536246,3423797,14399724,None,1984394,-1724028,None,5797667,None,1556834,,,,,,,,
