ticker,fiscalDateEnding,totalRevenue,grossProfit,operatingIncome,researchAndDevelopment,operatingExpenses,netIncome,ebit,ebitda,depreciationAndAmortization,reportedEPS,estimatedEPS,surprise,surprisePercentage,totalAssets,totalLiabilities,cashAndCashEquivalentsAtCarryingValue,shortTermDebt,longTermDebt,totalShareholderEquity,retainedEarnings,commonStockSharesOutstanding,currentNetReceivables,inventory,currentAccountsPayable,operatingCashflow,capitalExpenditures,dividendPayout,proceedsFromRepurchaseOfEquity,cashflowNetIncome,revenueGrowthPct,netIncomeMarginPct,epsSurprisePct,freeCashFlow,debtToEquityRatio,totalDebt,cashRatio,rdIntensityPct,buybackRatio,marketCap,peRatio,psRatio
GOOGL,9/30/2024,88268000000,51794000000,28521000000,12447000000,23273000000,26301000000,31760000000,35745000000,3985000000,2.12,1.85,0.27,14.5946,430266000000,116147000000,19959000000,2971000000,10880000000,314119000000,235317000000,12419000000,49104000000,,7049000000,30698000000,13061000000,2455000000.0,-15291000000.0,26301000000,4.1608647423945655,29.796755336022112,14.594594594594597,43759000000,0.3697547744644545,13851000000,6.717940087512622,14.10137309104092,0.5813847382228813,959240839050.293,36.47164895062138,10.86736800482953
GOOGL,9/30/2023,76693000000,43464000000,21343000000,11258000000,22121000000,19689000000,21313000000,24484000000,3171000000,1.55,1.45,0.1,6.8966,396711000000,123509000000,30702000000,2715000000,13781000000,273202000000,205647000000,12696000000,41020000000,2957000000.0,5803000000,30656000000,8055000000,0.0,-15787000000.0,19689000000,2.8001179561417677,25.672486406842864,6.896551724137938,38711000000,0.4520794137671027,16496000000,11.30828729281768,14.679305803658742,0.8018182741632384,766743903900.1465,38.94275503581424,9.997573493019527
GOOGL,9/30/2022,69092000000,37934000000,17135000000,10273000000,20799000000,13910000000,16334000000,20380000000,4046000000,1.06,1.25,-0.19,-15.2,358255000000,104629000000,21984000000,2285000000,14653000000,253626000000,196220000000,13097000000,36176000000,3156000000.0,6303000000,23353000000,7276000000,,-15392000000.0,13910000000,-0.850972232,20.13257685404967,-15.2,30629000000,0.412532626781166,16938000000,9.621006564551422,14.868581022404909,1.1065420560747663,625203723655.7007,44.9463496517398,9.048858386726403
GOOGL,9/30/2021,65118000000,37497000000,21031000000,7694000000,16466000000,18936000000,23141000000,26445000000,3304000000,1.4,1.17,0.23,19.6581,347403000000,102836000000,23719000000,2101000000,14288000000,244567000000,183782000000,13530373911,34800000000,1278000000.0,4616000000,25539000000,6819000000,,-12610000000.0,18936000000,5.232708468002589,29.079517184188703,19.65811965811966,32358000000,0.4204819129318346,16389000000,11.289386006663491,11.815473448201724,0.6659273341782848,778335831481.9336,41.103497649024796,11.952698662150766
GOOGL,9/30/2020,46173000000,25056000000,11213000000,6856000000,13843000000,11247000000,13407000000,16885000000,3478000000,0.82,0.56,0.26,46.4286,299243000000,86323000000,20129000000,1535000000,13902000000,212920000000,155567000000,13717014513,25513000000,835000000.0,4391000000,17003000000,5406000000,,-7897000000.0,11247000000,20.565579549311952,24.358391267623936,46.42857142857141,22409000000,0.4054245726094307,15437000000,13.113355048859937,14.848504537283691,0.7021427936338579,429805833137.5122,38.21515365319749,9.308596650369529
GOOGL,9/30/2019,40499000000,22931000000,9177000000,6554000000,13754000000,7068000000,8651000000,11571000000,2920000000,0.506,0.621,-0.115,-18.5185,263044000000,68075000000,16032000000,24212000000,3956000000,194969000000,147125000000,13963974414,21081000000,1401000000.0,4142000000,15466000000,6732000000,,-5696000000.0,7068000000,3.992912900575174,17.452282772414137,-18.51851852,22198000000,0.349158071283127,28168000000,0.662150999504378,16.18311563248475,0.8058856819468024,351886471961.9751,49.78586190746677,8.688769400774714
GOOGL,9/30/2018,33740000000,19459000000,8625000000,5232000000,10834000000,9192000000,10111000000,12466000000,2355000000,0.653,0.521,0.132,25.3359,221538000000,51698000000,13443000000,17767000000,3948000000,169840000000,128405000000,14077174369,18067000000,1212000000.0,3789000000,13210000000,5282000000,0.0,-2200000000.0,9192000000,3.316287472823598,27.243627741553052,25.335892514395393,18492000000,0.3043923692887423,21715000000,0.7566274553948331,15.506816834617664,0.2393385552654482,354491944038.3911,38.565268063358474,10.506578068713429
GOOGL,9/30/2017,27772000000,16624000000,7782000000,4205000000,8842000000,6732000000,8006000000,9767000000,1761000000,0.4785,0.4165,0.062,14.886,189536000000,32436000000,10581000000,13906000000,3964000000,157100000000,118237000000,14074314370,15577000000,765000000.0,2674000000,9872000000,3538000000,0.0,320000000.0,6732000000,6.774317570165311,24.24024197032983,14.885954381752702,13410000000,0.2064672183322724,17870000000,0.7608945778800518,15.141149359066686,-0.047534165,275928448814.3921,40.987588950444454,9.93549073939191
GOOGL,9/30/2016,22451000000,13752000000,5767000000,3596000000,7985000000,5061000000,6074000000,7670000000,1596000000,0.453,0.4315,0.0215,4.9826,159948000000,25845000000,9406000000,171000000,3938000000,134103000000,99798000000,13968794412,12395000000,559000000.0,2175000000,9845000000,2554000000,0.0,0.0,5061000000,4.423255813953486,22.542425727139104,4.98261877172654,12399000000,0.1927249949665555,4109000000,55.005847953216374,16.017103915193086,0.0,228584662822.7234,45.165908481075554,10.181491373334078
GOOGL,9/30/2015,18675000000,11638000000,4708000000,3230000000,6930000000,3979000000,4917000000,6165000000,1248000000,0.3675,0.3605,0.007,1.9417,144281000000,28040000000,18068000000,3237000000,1994000000,116241000000,85969000000,13886374445,10436000000,2212000000.0,1549000000,6007000000,2373000000,0.0,0.0,3979000000,5.347774581147413,21.30655957161981,1.941747572815536,8380000000,0.2412229764024741,5231000000,5.581711461229533,17.295850066934403,0.0,187127797817.23026,47.0288509216462,10.020230137468822
GOOGL,6/30/2025,96428000000,57389000000,31271000000,13808000000,26118000000,28196000000,34194000000,39192000000,4998000000,2.31,2.19,0.12,5.4795,502053000000,139137000000,21036000000,4107000000,23607000000,362916000000,275760000000,12198000000,55048000000,,8347000000,27747000000,22446000000,2543000000.0,-13638000000.0,28196000000,6.864374847618415,29.240469573153028,5.479452054794526,50193000000,0.3833862381377509,27714000000,5.121986851716581,14.31949226365786,0.4836856291672577,996912074020.3856,35.3565070939277,10.338408698929623
GOOGL,6/30/2024,84742000000,49235000000,27425000000,11860000000,21810000000,23619000000,27618000000,31326000000,3708000000,1.89,1.85,0.04,2.1622,414770000000,114017000000,27225000000,2855000000,11876000000,300753000000,226033000000,12495000000,47087000000,,6092000000,26640000000,13186000000,2466000000.0,-15684000000.0,23619000000,5.218589751548941,27.871657501593074,2.162162162162152,39826000000,0.3791051128334547,14731000000,9.535901926444833,13.995421396710016,0.6640416613743173,996559074005.127,42.19311037745573,11.759919213673586
GOOGL,6/30/2023,74604000000,42688000000,21838000000,10588000000,20850000000,18368000000,21946000000,24770000000,2824000000,1.44,1.34,0.1,7.4627,383044000000,115903000000,25929000000,2663000000,13705000000,267141000000,200884000000,12609000000,38804000000,2231000000.0,5313000000,28666000000,6888000000,,-14969000000.0,18368000000,6.9024316849843,24.62066377137955,7.462686567164169,35554000000,0.4338645134966178,16368000000,9.73676304919264,14.192268511071791,0.814949912891986,691525343444.8242,37.64837453423477,9.269279709463625
GOOGL,6/30/2022,69685000000,39581000000,19453000000,9841000000,20128000000,16002000000,19097000000,22996000000,3899000000,1.21,1.27,-0.06,-4.7244,355185000000,99766000000,17936000000,2297000000,12850000000,255419000000,196845000000,13238994042,37073000000,1980000000.0,4409000000,19422000000,6828000000,,-15197000000.0,16002000000,2.4613665436473475,22.963335007533903,-4.724409449,26250000000,0.3905974105293655,15147000000,7.808445798868089,14.122120972949704,0.9496937882764654,657220700775.1465,41.07115990345872,9.431308040111164
GOOGL,6/30/2021,61880000000,35653000000,19361000000,7675000000,16292000000,18525000000,22061000000,25006000000,2945000000,1.36,0.96,0.4,41.6667,335387000000,97822000000,23630000000,2037000000,14328000000,237565000000,176939000000,13592234000,32851000000,907000000.0,4708000000,21890000000,5496000000,,-12796000000.0,18525000000,11.870412553783847,29.936974789915965,41.66666666666668,27386000000,0.4117694104771325,16365000000,11.600392734413353,12.403038138332256,0.6907422402159245,680794302749.6338,36.75002983803691,11.001847167899706
GOOGL,6/30/2020,38297000000,19744000000,6383000000,6875000000,13361000000,6959000000,8290000000,11676000000,3386000000,0.51,0.41,0.1,24.3902,278492000000,71170000000,17742000000,1416000000,2963000000,207322000000,151681000000,13740474503,21595000000,815000000.0,4064000000,13993000000,5391000000,,-6852000000.0,6959000000,-6.953521708,18.17113612032274,24.390243902439035,19384000000,0.3432824302293051,4379000000,12.529661016949152,17.951797790949684,0.9846242276189108,409614667190.55176,58.86113912782753,10.69573771289009
GOOGL,6/30/2019,38944000000,21648000000,9180000000,6213000000,12468000000,9947000000,12172000000,15007000000,2835000000,0.7105,0.565,0.1455,25.7522,257101000000,64909000000,16587000000,21837000000,3954000000,192192000000,145346000000,13999074400,21317000000,964000000.0,3925000000,12627000000,6126000000,,-3577000000.0,9947000000,7.168606731060301,25.541803615447822,25.752212389380546,18753000000,0.3377299783549783,25791000000,0.7595823602143151,15.953677074774031,0.3596059113300492,319621076740.2649,32.13240944408011,8.207196917118551
GOOGL,6/30/2018,32657000000,18774000000,3045000000,5114000000,15729000000,3195000000,4242000000,6356000000,2114000000,0.227,0.4795,-0.2525,-52.659,211610000000,49610000000,14148000000,16906000000,3947000000,162000000000,121282000000,14064934374,17244000000,698000000.0,3369000000,10132000000,5477000000,0.0,-2052000000.0,3195000000,4.851345277082131,9.783507364424167,-52.65901981,15609000000,0.3062345679012345,20853000000,0.8368626523127883,15.65973604433965,0.6422535211267606,317743506317.1387,99.45023671897924,9.7297212333386
GOOGL,6/30/2017,26010000000,15637000000,4132000000,4172000000,11505000000,3524000000,4398000000,6023000000,1625000000,0.2505,0.2245,0.026,11.5813,178621000000,30335000000,15711000000,12216000000,3955000000,148286000000,111505000000,14070054371,14877000000,398000000.0,2488000000,7403000000,2831000000,0.0,-1618000000.0,3524000000,5.0909090909091015,13.548635140330642,11.581291759465476,10234000000,0.2045708967805457,16171000000,1.2861001964636545,16.0399846212995,0.4591373439273553,268545271980.28564,76.20467422823089,10.324693271060578
GOOGL,6/30/2016,21500000000,13370000000,5968000000,3363000000,7402000000,4877000000,6151000000,7641000000,1490000000,0.421,0.402,0.019,4.7264,154292000000,26413000000,13627000000,2219000000,1984000000,127879000000,94737000000,13936934425,12762000000,0.0,1716000000,9120000000,2123000000,0.0,-1595000000.0,4877000000,6.136150466505397,22.68372093023256,4.726368159203971,11243000000,0.206546813784906,4203000000,6.141054529067147,15.641860465116276,0.3270453147426697,204476568054.1992,41.926710693910024,9.51053804903252
GOOGL,6/30/2015,17727000000,11144000000,4825000000,2789000000,6319000000,3931000000,4982000000,6216000000,1234000000,0.3495,0.335,0.0145,4.3284,138807000000,27024000000,18453000000,3008000000,2225000000,111783000000,81990000000,13829609073,10019000000,1316000000.0,1315000000,6985000000,2515000000,0.0,,3931000000,2.7175802526364645,22.175212951994133,4.328358208955211,9500000000,0.2417541128794181,5233000000,6.134640957446808,15.73306255993682,,157519888252.2583,40.071200267682094,8.885873991778547
GOOGL,3/31/2025,90234000000,53873000000,30606000000,13556000000,23267000000,34540000000,41823000000,46310000000,4487000000,2.81,2.01,0.8,39.801,475374000000,130107000000,23264000000,1000000000,10886000000,345267000000,262628000000,12291000000,51000000000,,8497000000,36150000000,17197000000,2434000000.0,-15068000000.0,34540000000,-6.463216163,38.27825431655473,39.80099502487564,53347000000,0.376830105396693,11886000000,23.264,15.023162001019571,0.4362478286045165,987299946624.756,28.584248599442848,10.941551373370968
GOOGL,3/31/2024,80539000000,46827000000,25472000000,11903000000,21355000000,23662000000,28409000000,31822000000,3413000000,1.89,1.51,0.38,25.1656,407350000000,114506000000,24493000000,2874000000,11873000000,292844000000,219770000000,12527000000,44552000000,,6198000000,28848000000,12012000000,0.0,-15696000000.0,23662000000,-6.68636311,29.37955524652653,25.16556291390728,40860000000,0.3910136454904317,14747000000,8.522268615170494,14.77917530637331,0.6633420674499197,809379329177.8564,34.205871404693454,10.049532886897731
GOOGL,3/31/2023,69787000000,39175000000,17415000000,11468000000,21760000000,15051000000,18285000000,20920000000,2635000000,1.17,1.07,0.1,9.3458,369491000000,108597000000,25924000000,2625000000,13697000000,260894000000,196625000000,12823000000,36036000000,2315000000.0,4184000000,23509000000,6289000000,,-14557000000.0,15051000000,-8.232958132,21.56705403585195,9.345794392523352,29798000000,0.4162495112957753,16322000000,9.875809523809524,16.43285998824996,0.9671782605806925,571013916435.2417,37.9386031782102,8.182239047892038
GOOGL,3/31/2022,68011000000,38412000000,20094000000,9119000000,18318000000,16436000000,19017000000,22799000000,3782000000,1.23,1.29,-0.06,-4.6512,357096000000,103092000000,20886000000,2267000000,14791000000,254004000000,195221000000,13351013992,35622000000,1369000000.0,3436000000,25106000000,9786000000,,-13300000000.0,16436000000,-9.709923664,24.166678919586538,-4.651162791,34892000000,0.4058676241319034,17058000000,9.21305690339656,13.40812515622473,0.8091993185689949,781669227401.7334,47.558361365401154,11.493276490593189
GOOGL,3/31/2021,55314000000,31211000000,16437000000,7485000000,14774000000,17930000000,21359000000,24112000000,2753000000,1.31,0.78,0.53,67.9487,327095000000,97082000000,26622000000,1888000000,13887000000,230013000000,170580000000,13641413861,28499000000,888000000.0,4801000000,19289000000,5942000000,,-11395000000.0,17930000000,-2.783929136,32.414940159814876,67.94871794871796,25231000000,0.4220717959419685,15775000000,14.10063559322034,13.53183642477492,0.6355270496374791,584044294670.105,32.57358029392666,10.558706560185577
GOOGL,3/31/2020,41159000000,22177000000,7977000000,6820000000,14200000000,6836000000,7778000000,10886000000,3108000000,0.49,0.51,-0.02,-3.9216,273403000000,69744000000,19644000000,1312000000,3960000000,203659000000,151068000000,13845334461,23735000000,889000000.0,4099000000,11451000000,6005000000,,-8496000000.0,6836000000,-10.6695605,16.608761145800433,-3.921568627,17456000000,0.3424547896238319,5272000000,14.972560975609756,16.56988750941471,1.2428320655354008,386852690093.99414,56.59050469484993,9.398981755970604
GOOGL,3/31/2019,36339000000,20327000000,6608000000,6029000000,13719000000,6657000000,8181000000,10794000000,2613000000,0.475,0.5305,-0.0555,-10.4618,245349000000,61877000000,19148000000,20145000000,3952000000,183472000000,138720000000,14017574392,19260000000,1053000000.0,3710000000,12000000000,4638000000,,-3025000000.0,6657000000,-7.477849068,18.3191612317345,-10.46182846,16638000000,0.3372558210517136,24097000000,0.9505088111193843,16.590990395993284,0.4544088928946973,325412646892.5476,48.88277706062004,8.954914744284311
GOOGL,3/31/2018,31146000000,17679000000,7633000000,5039000000,10046000000,9401000000,10573000000,12559000000,1986000000,0.6665,0.464,0.2025,43.6422,206935000000,46110000000,12658000000,1329000000,3944000000,160825000000,120008000000,14102674358,16814000000,636000000.0,3526000000,11642000000,7299000000,0.0,-2173000000.0,9401000000,-3.641369922,30.183651191164195,43.642241379310335,18941000000,0.2867091559148142,5273000000,9.524454477050414,16.178642522314263,0.2311456228060844,318875844623.5657,33.919353752107824,10.23809942283329
GOOGL,3/31/2017,24750000000,14955000000,6568000000,3942000000,8387000000,5426000000,6844000000,8347000000,1503000000,0.3865,0.3695,0.017,4.6008,172756000000,27807000000,18132000000,803000000,3937000000,144949000000,109420000000,14040714383,12969000000,280000000.0,2306000000,9548000000,2508000000,0.0,-1127000000.0,5426000000,-5.041436464,21.923232323232323,4.600811907983766,12056000000,0.1918398885125113,4740000000,22.58032378580324,15.927272727272726,0.2077036490969406,244064538963.31787,44.98056376028711,9.861193493467388
GOOGL,3/31/2016,20257000000,12609000000,5342000000,3367000000,7267000000,4207000000,5159000000,6530000000,1371000000,0.375,0.3985,-0.0235,-5.8971,149747000000,26178000000,15111000000,3221000000,1987000000,123569000000,91168000000,13986214405,10818000000,1.0,1667000000,7658000000,2428000000,0.0,-2098000000.0,4207000000,-5.02602091,20.76812953546922,-5.897114178,10086000000,0.2118492502164782,5208000000,4.691400186277553,16.621414819568546,0.4986926550986451,219921849838.25684,52.2752198331963,10.856585369909505
GOOGL,3/31/2015,17258000000,10902000000,4447000000,2753000000,6455000000,3515000000,4630000000,5807000000,1177000000,0.3285,0.33,-0.0015,-0.4545,133400000000,24952000000,16976000000,2009000000,3226000000,108448000000,79292000000,13789954484,10310000000,847000000.0,1688000000,6617000000,2927000000,0.0,,3586000000,,20.367365859311622,-0.454545455,9544000000,0.2300826202419592,5235000000,8.449975111996018,15.952022250550469,,160229398584.36584,45.58446616909412,9.284354999673534
GOOGL,12/31/2024,96469000000,55856000000,30972000000,13116000000,24884000000,26536000000,32296000000,36501000000,4205000000,2.15,2.13,0.02,0.939,450256000000,125172000000,23466000000,2887000000,10883000000,325084000000,245084000000,12348000000,52340000000,,7987000000,39113000000,14276000000,2442000000.0,-15551000000.0,26536000000,9.291022794217607,27.507282132083883,0.9389671361502356,53389000000,0.3850450960367166,13770000000,8.128160720471078,13.596077496397807,0.5860340669279469,990976667678.833,37.34461364481584,10.272488236416185
GOOGL,12/31/2023,86310000000,48735000000,23697000000,12113000000,25038000000,20687000000,24481000000,26044000000,1563000000,1.64,1.6,0.04,2.5,402392000000,119013000000,24048000000,2791000000,11870000000,283379000000,211247000000,12602000000,47964000000,,7493000000,18915000000,11019000000,,-16191000000.0,20687000000,12.539605961430643,23.96825396825397,2.4999999999999885,29934000000,0.4199781917502708,14661000000,8.616266571121463,14.034294983200091,0.782665442065065,765646204330.4443,37.010982952117,8.870886390110583
GOOGL,12/31/2022,76048000000,40706000000,18160000000,10267000000,22546000000,13624000000,17237000000,21438000000,4201000000,1.05,1.19,-0.14,-11.7647,365264000000,109120000000,21879000000,2477000000,12857000000,256144000000,195563000000,12947000000,40258000000,2670000000.0,5128000000,23614000000,7595000000,,-15407000000.0,13624000000,10.067735772593055,17.915001051967177,-11.76470588,31209000000,0.4260103691673433,15334000000,8.832862333467904,13.500683778666106,1.130871990604815,545998890335.083,40.07625442858801,7.179661402470584
GOOGL,12/31/2021,75325000000,42337000000,21885000000,8708000000,20452000000,20642000000,24519000000,27958000000,3439000000,1.53,1.36,0.17,12.5,359268000000,107633000000,20945000000,2189000000,14817000000,251635000000,191484000000,13449853947,39304000000,1170000000.0,6037000000,24934000000,6383000000,,-13473000000.0,20642000000,15.674621456432948,27.40391636242947,12.499999999999996,31317000000,0.4277346156138852,17006000000,9.568296025582455,11.560570859608363,0.6526983819397345,836832469665.5273,40.540280479872465,11.10962455579857
GOOGL,12/31/2020,56898000000,30818000000,15651000000,7022000000,15167000000,15227000000,18742000000,22467000000,3725000000,1.12,0.79,0.33,41.7722,319616000000,97072000000,26465000000,1694000000,13932000000,222544000000,163401000000,13659373853,31384000000,728000000.0,5589000000,22677000000,5479000000,,-7904000000.0,15227000000,23.227860437918267,26.761924847973567,41.77215189873419,28156000000,0.436192393414336,15626000000,15.622786304604489,12.34138282540687,0.5190779536349904,506263665962.2192,33.24776160518941,8.8977409744142
GOOGL,12/31/2019,46075000000,25055000000,9266000000,7222000000,15789000000,10671000000,10721000000,14134000000,3413000000,0.7675,0.6265,0.141,22.506,275909000000,74467000000,18498000000,1199000000,3958000000,201442000000,152122000000,13903874438,27492000000,999000000.0,5561000000,14427000000,6052000000,1015000000.0,-6098000000.0,10671000000,13.768241191140527,23.160065111231688,22.50598563447726,20479000000,0.369669681595695,5157000000,15.427856547122602,15.674443841562669,0.5714553462655796,376696417213.43994,35.30094810359291,8.175722565674226
GOOGL,12/31/2018,39276000000,21358000000,8203000000,6034000000,13155000000,8948000000,10101000000,12681000000,2580000000,0.6385,0.541,0.0975,18.0222,232792000000,55164000000,16701000000,20704000000,3950000000,177628000000,134885000000,14017974392,21193000000,1107000000.0,4378000000,12987000000,7081000000,,-2650000000.0,8948000000,16.407824540604633,22.78236072919849,18.02218114602586,20068000000,0.3105591460805729,24654000000,0.8066557187017002,15.363071595885527,0.2961555654894948,315022446041.1072,35.20590590535395,8.020736481339933
GOOGL,12/31/2017,32323000000,18056000000,7664000000,4306000000,10392000000,-3020000000,8054000000,10080000000,2026000000,0.485,0.499,-0.014,-2.8056,197295000000,44793000000,10715000000,16740000000,3969000000,152502000000,113247000000,13892074443,18705000000,749000000.0,3137000000,10268000000,4307000000,800000000.0,-2101000000.0,-3020000000,16.387008497767532,-9.343192154,-2.805611222,14575000000,0.2937207380886808,20709000000,0.6400836320191159,13.321783250317113,-0.695695364,299305690647.12524,-99.10784458514081,9.25983635946927
GOOGL,12/31/2016,26064000000,15403000000,6639000000,3622000000,8764000000,5333000000,6890000000,8577000000,1687000000,0.468,0.4825,-0.0145,-3.0052,167497000000,28461000000,12918000000,554000000,3935000000,139036000000,105131000000,14004414398,14232000000,268000000.0,2041000000,9413000000,3078000000,0.0,3693000000.0,5333000000,16.09282437307915,20.461172498465316,-3.005181347,12491000000,0.204702379239909,4489000000,23.31768953068592,13.896562308164516,-0.69248078,228905309680.93872,42.92242821693957,8.782432077997957
GOOGL,12/31/2015,21329000000,13141000000,5380000000,3510000000,7761000000,4923000000,5226000000,6630000000,1404000000,0.4335,0.4055,0.028,6.9051,147461000000,27130000000,16549000000,3225000000,1995000000,120331000000,89223000000,13940494423,11556000000,491000000.0,1931000000,6415000000,2100000000,0.0,-1780000000.0,4923000000,14.211512717536824,23.081250879084813,6.905055487053014,8515000000,0.2254614355403013,5220000000,5.131472868217054,16.456467720005627,0.3615681495023359,220355111423.49243,44.76033138807484,10.331244381991299
