ticker,fiscalDateEnding,totalRevenue,grossProfit,operatingIncome,researchAndDevelopment,operatingExpenses,netIncome,ebit,ebitda,depreciationAndAmortization,reportedEPS,estimatedEPS,surprise,surprisePercentage,totalAssets,totalLiabilities,cashAndCashEquivalentsAtCarryingValue,shortTermDebt,longTermDebt,totalShareholderEquity,retainedEarnings,commonStockSharesOutstanding,currentNetReceivables,inventory,currentAccountsPayable,operatingCashflow,capitalExpenditures,dividendPayout,proceedsFromRepurchaseOfEquity,cashflowNetIncome,revenueGrowthPct,netIncomeMarginPct,epsSurprisePct,freeCashFlow,debtToEquityRatio,totalDebt,cashRatio,rdIntensityPct,buybackRatio,marketCap,peRatio,psRatio
HUBB,2025-06-30,1484300000,552100000,336300000,,215800000,244200000,329700000,378200000,48500000,4.93,4.4,0.53,12.0455,7149000000,3650200000,382600000,838000000,1044400000,3487700000,3821800000,54000000,899700000,1029600000,529500000,260600000,39900000,70200000,-100000000,237700000,8.723996484031638,16.452199690089607,12.04545454545453,300500000,1.0465923101184162,1882400000,0.45656324582338903,,0.4095004095004095,20572344929.52539,84.2438367302432,13.859964245452664
HUBB,2025-03-31,1365200000,451200000,239000000,,212200000,169700000,233700000,280400000,46700000,3.5,3.72,-0.22,-5.914,6922100000,3649900000,346900000,849500000,1044000000,3261400000,3627800000,54000000,902000000,848700000,545800000,37400000,26000000,70700000,-125000000,169700000,2.3158210297534287,12.430413126281865,-5.913978494623661,63400000,1.119120623045318,1893500000,0.40835785756327253,,0.7365939893930465,19552213413.368137,115.21634303693658,14.321867428485303
HUBB,2024-12-31,1334300000,450600000,258100000,,192500000,197000000,258400000,311700000,53300000,4.1,4.02,0.08,1.99,6679100000,3396400000,329100000,159600000,1442700000,3268300000,3651600000,54000000,756000000,841800000,541700000,432400000,68000000,70800000,-10000000,198200000,-7.507278524885619,14.764295885483026,1.9900497512437831,500400000,1.0391946883701006,1602300000,2.06203007518797,,0.050761421319796954,22404700595.69528,113.72944464819938,16.791351716776795
HUBB,2024-09-30,1442600000,497100000,303800000,,193300000,219400000,298200000,347500000,49300000,4.49,4.46,0.03,0.6726,6935000000,3706200000,435700000,325700000,1640300000,3215000000,3532200000,54000000,894800000,850000000,547500000,227000000,38200000,65500000,-10000000,219000000,-0.6815834767642026,15.208651046721197,0.6726457399103195,265200000,1.1527838258164853,1966000000,1.3377341111452257,,0.04557885141294439,20917618764.857788,95.34010375960706,14.499943688380554
HUBB,2024-06-30,1452500000,513800000,306300000,,207500000,217500000,305100000,354700000,49600000,4.37,4.24,0.13,3.066,6871700000,3805400000,397200000,144200000,1892700000,3052600000,3388900000,54100000,893200000,856500000,586700000,239600000,33900000,65500000,-10000000,208400000,3.8167393324279875,14.974182444061961,3.066037735849054,273500000,1.2466094476839416,2036900000,2.754507628294036,,0.04597701149425287,19319344773.46472,88.82457367110217,13.300753716671064
HUBB,2024-03-31,1399100000,447700000,228500000,,219200000,147800000,222500000,282400000,59900000,3.6,3.54,0.06,1.6949,6862100000,3919000000,388200000,252400000,1895700000,2930400000,3250200000,54000000,865600000,842400000,598500000,92200000,40300000,65500000,-10000000,147500000,3.9604696091544156,10.563933957544137,1.6949152542372896,132500000,1.3373600873600873,2148100000,1.5380348652931854,,0.06765899864682003,19782686795.907867,133.8476779154795,14.13958029869764
HUBB,2023-12-31,1345800000,456200000,225600000,,230600000,171000000,219500000,259100000,39600000,3.69,3.58,0.11,3.0726,6914000000,4024700000,336100000,148000000,2023200000,2877000000,3182700000,54000000,785400000,832900000,563500000,345500000,61900000,65400000,30000000,170600000,-2.1805494984736162,12.706197057512261,3.0726256983240186,407400000,1.3989224887035105,2171200000,2.270945945945946,,-0.17543859649122806,15525928495.01056,90.79490347959391,11.53657935429526
HUBB,2023-09-30,1375800000,487400000,276300000,,211100000,200100000,272800000,310400000,37600000,3.95,4.05,-0.1,-2.4691,5768300000,3017800000,572800000,33600000,1439700000,2739100000,3077300000,54000000,852900000,788400000,554700000,193900000,34900000,60000000,-10000000,200100000,0.7247968372501745,14.544265154819014,-2.469135802469127,228800000,1.101748749589281,1473300000,17.047619047619047,,0.04997501249375312,16219938504.518583,81.05916294112235,11.789459590433626
HUBB,2023-06-30,1365900000,496200000,287800000,,208400000,206800000,283000000,319900000,36900000,4.07,3.72,0.35,9.4086,5640900000,3009800000,492600000,32200000,1439100000,2620700000,2949500000,54000000,811200000,794100000,554800000,227700000,35500000,60100000,0,205300000,6.262641979150452,15.140200600336776,9.408602150537636,263200000,1.1484717823482276,1471300000,15.298136645962733,,0.0,14512081083.311155,70.1744733235549,10.62455603141603
HUBB,2023-03-31,1285400000,448300000,248800000,,199500000,181900000,244700000,280300000,35600000,3.61,2.47,1.14,46.1538,5480800000,2997700000,429800000,35800000,1438500000,2472700000,2806200000,53900000,778300000,779600000,545300000,113700000,33400000,60000000,-20000000,181900000,5.395211544768785,14.151236969036876,46.15384615384614,147100000,1.2123185182189509,1474300000,12.005586592178771,,0.10995052226498075,12500652765.658035,68.72266501186385,9.725107177266247
HUBB,2022-12-31,1219600000,366800000,172000000,,194800000,104600000,168500000,209400000,40900000,2.6,2.38,0.22,9.2437,5402600000,3032000000,440500000,35200000,1437900000,2360900000,2705500000,54000000,741600000,740700000,529900000,239500000,62100000,60000000,-32000000,122900000,-7.339310135237809,8.576582486061003,9.243697478991605,301600000,1.2842560040662458,1473100000,12.514204545454545,,0.30592734225621415,12092679784.880005,115.60879335449336,9.915283523187934
HUBB,2022-09-30,1316200000,398500000,203600000,,194900000,139100000,202900000,241100000,38200000,2.88,2.71,0.17,6.2731,5338400000,3008200000,366900000,33500000,1437300000,2318700000,2686200000,54000000,800500000,739000000,569900000,214200000,25300000,56300000,0,150300000,4.792993630573239,10.568302689560857,6.273062730627303,239500000,1.2973649027472292,1470800000,10.952238805970149,,0.0,11097273584.494797,79.77910556789934,8.4312973594399
HUBB,2022-06-30,1256000000,383200000,190600000,,192600000,122000000,188700000,223400000,34700000,2.81,2.41,0.4,16.5975,5238200000,2970300000,424200000,35200000,1436700000,2256900000,2603600000,53900000,780500000,719500000,550700000,166000000,20500000,56400000,-6000000,122000000,8.641121010293219,9.713375796178344,16.59751037344398,186500000,1.316097301608401,1471900000,12.051136363636363,,0.04918032786885246,9565701104.947876,78.40738610613013,7.616004064448946
HUBB,2022-03-31,1156100000,323100000,142900000,,180200000,180200000,146500000,181200000,34700000,2.12,1.85,0.27,14.5946,5169700000,2945300000,359000000,37600000,1436100000,2213300000,2538100000,54400000,777900000,708800000,548500000,-36500000,21400000,56900000,-144000000,102500000,62.762213149373515,15.586886947495893,14.594594594594595,-15100000,1.330727872407717,1473700000,9.547872340425531,,0.7991120976692564,9258868961.001602,51.38107081576916,8.008709420466744
HUBB,2021-12-31,710300000,200600000,106700000,,93900000,83000000,115200000,141700000,26500000,2.07,2.1,-0.03,-1.4286,5281500000,3040800000,286200000,36800000,1435500000,2229800000,2560000000,54800000,675300000,662100000,532800000,237000000,23700000,57100000,11200000,83000000,-34.43788074580026,11.685203435168239,-1.4285714285714404,260700000,1.363709749753341,1472300000,7.7771739130434785,,-0.13493975903614458,9933519063.666306,119.68095257429283,13.984962781453337
HUBB,2021-09-30,1083400000,301100000,145900000,,155200000,108400000,146600000,182300000,35700000,2.24,2.34,-0.1,-4.2735,5241700000,3063600000,257900000,158100000,1434900000,2168800000,2501300000,54700000,798300000,700700000,491900000,97500000,27400000,53300000,200000,108500000,2.76012520155553,10.005538120731032,-4.273504273504258,124900000,1.4125783843600148,1593000000,1.6312460468058192,,-0.0018450184501845018,9940815922.50711,91.70494393456744,9.175573123968165
HUBB,2021-06-30,1054300000,298300000,142200000,,156100000,95800000,119100000,156700000,37600000,2.36,2.16,0.2,9.2593,5172800000,3031900000,265400000,167400000,1434200000,2125700000,2447300000,54700000,762300000,638300000,465700000,150400000,19500000,53300000,-1200000,95800000,10.247830178814187,9.086597742578013,9.259259259259247,169900000,1.4263066284047607,1601600000,1.5854241338112305,,0.012526096033402923,9404912359.454346,98.17236283355267,8.920527705069095
HUBB,2021-03-31,956300000,262200000,109900000,,152300000,77700000,111100000,150400000,39300000,1.72,1.65,0.07,4.2424,5292900000,3194900000,433800000,392200000,1433700000,2082700000,2415400000,54700000,703100000,616400000,421300000,58900000,19600000,53200000,-10000000,77700000,-7.862029097215528,8.125065356059814,4.242424242424246,78500000,1.534018341575839,1825900000,1.1060683324834268,,0.1287001287001287,8708950628.729538,112.08430667605583,9.10692317131605
HUBB,2020-12-31,1037900000,285700000,119800000,,165900000,80900000,116100000,156700000,40600000,1.76,1.77,-0.01,-0.565,5085100000,2999700000,258600000,183700000,1436900000,2070000000,2393700000,54600000,553300000,526700000,339200000,192400000,36700000,53200000,41300000,80900000,-6.377412953274398,7.794585220156085,-0.56497175141243,229100000,1.4491304347826086,1620600000,1.407729994556342,,-0.5105067985166872,7692391727.313095,95.08518822389487,7.411496027857304
HUBB,2020-09-30,1108600000,329600000,162900000,,166700000,107100000,154000000,193400000,39400000,2.3,2.0,0.3,15.0,4877100000,2846100000,269200000,50400000,1436300000,2016800000,2366000000,54500000,711400000,584900000,387600000,151900000,16700000,49300000,-41000000,107100000,16.793088916982725,9.6608334836731,14.999999999999991,168600000,1.4111959539865133,1486700000,5.341269841269841,,0.3828197945845005,6673135931.518997,62.30752503752565,6.019426241673279
HUBB,2020-06-30,949200000,280500000,131500000,,149000000,88200000,128700000,167400000,38700000,1.87,1.61,0.26,16.1491,5058700000,3085200000,485000000,173600000,1610400000,1959900000,2308400000,54300000,644100000,604200000,354400000,195300000,17200000,49400000,0,88200000,-12.941392277354858,9.29203539823009,16.149068322981368,212500000,1.5741619470381143,1784000000,2.793778801843318,,0.0,5986711849.656837,67.87655158341086,6.307113200228442
HUBB,2020-03-31,1090300000,313500000,118800000,,194700000,75000000,115000000,153900000,38900000,1.64,1.52,0.12,7.8947,4959100000,3030600000,300000000,134800000,1597300000,1914900000,2269600000,54600000,707700000,595700000,358400000,108400000,17800000,49500000,-41300000,75000000,-1.178283331822716,6.8788406860497116,7.894736842105256,126200000,1.5826413911953627,1732100000,2.2255192878338277,,0.5506666666666666,6367790079.63353,84.90386772844707,5.8404017973342475
HUBB,2019-12-31,1103300000,326000000,135900000,,190100000,101900000,148600000,188500000,39900000,1.91,1.85,0.06,3.2432,4903000000,2942500000,182000000,95000000,1506000000,1947100000,2279400000,54700000,712900000,633000000,347700000,206500000,21300000,49500000,35000000,101900000,-8.363787375415278,9.235928577902655,3.2432432432432337,227800000,1.5112218170612706,1601000000,1.9157894736842105,,-0.3434739941118744,6983403656.186295,68.53192989387924,6.329560098057006
HUBB,2019-09-30,1204000000,362000000,172900000,,189100000,130700000,185000000,222400000,37400000,2.34,2.27,0.07,3.0837,5074300000,3158700000,300000000,64600000,1714100000,1903100000,2227500000,54600000,787100000,662000000,414700000,175500000,24900000,45600000,-5000000,130700000,0.6352390504847927,10.85548172757475,3.0837004405286272,200400000,1.6597656455257213,1778700000,4.643962848297214,,0.03825554705432287,6187891169.770615,47.34423236243776,5.139444493164962
HUBB,2019-06-30,1196400000,357400000,166900000,,190500000,96000000,140800000,177900000,37100000,2.31,2.16,0.15,6.9444,5036000000,3181000000,209900000,84100000,1722800000,1835900000,2143800000,54600000,785500000,661900000,428700000,131500000,24400000,45700000,-20000000,96000000,10.034029246758024,8.02407221664995,6.944444444444439,155900000,1.7326651778419304,1806900000,2.4958382877526755,,0.20833333333333334,5977743013.604149,62.26815639170989,4.996441836847333
HUBB,2019-03-31,1087300000,307300000,120900000,,186400000,72300000,115500000,152100000,36600000,1.57,1.51,0.06,3.9735,4976100000,3149200000,205300000,77300000,1731500000,1808100000,2114700000,54600000,716200000,663000000,403700000,78100000,23300000,45800000,-10000000,72300000,-4.964600996416402,6.649498758392348,3.973509933774838,101400000,1.7417178253415186,1808800000,2.6558861578266493,,0.13831258644536654,5491322516.183006,75.95190202189497,5.050420781921279
HUBB,2018-12-31,1144100000,320600000,136600000,0.0,184000000,88000000,132600000,168200000,35600000,1.72,1.7,0.02,1.1765,4872100000,3073200000,189000000,56100000,1737100000,1780600000,2064400000,54700000,751600000,651000000,393700000,177900000,25500000,45800000,-20000000,88000000,-3.0177163685682795,7.6916353465606155,1.176470588235295,203400000,1.725935078063574,1793200000,3.3689839572192515,0.0,0.22727272727272727,4693737897.00061,53.33793064773421,4.102559126825112
HUBB,2018-09-30,1179700000,349000000,163800000,0.0,185200000,113600000,160900000,197400000,36500000,2.22,2.1,0.12,5.7143,4997500000,3225700000,228800000,130300000,1792500000,1754800000,2034100000,54900000,788200000,672500000,420700000,186900000,23200000,42100000,-10000000,113600000,1.1142538784606248,9.629566839026872,5.714285714285719,210100000,1.8382151812172327,1922800000,1.7559478127398311,0.0,0.0880281690140845,5796458357.351753,51.02516159640628,4.913502040647413
HUBB,2018-06-30,1166700000,347900000,156900000,0.0,191000000,100300000,152800000,189800000,37000000,1.97,1.79,0.18,10.0559,4971100000,3269300000,195100000,91100000,1897600000,1684900000,1967000000,54900000,779700000,686700000,420800000,152700000,25500000,42200000,-10000000,100300000,17.705811138014525,8.59689723150767,10.055865921787706,178200000,1.9403525431776367,1988700000,2.141602634467618,0.0,0.09970089730807577,4850565224.1291275,48.360570529702166,4.157508549009281
HUBB,2018-03-31,991200000,282900000,99600000,0.0,183300000,58300000,93100000,132400000,39300000,1.39,1.36,0.03,2.2059,4975400000,3296900000,216300000,177500000,1903200000,1662000000,1908900000,55100000,704000000,714300000,374500000,-400000,22000000,42200000,0,58300000,8.00915331807781,5.881759483454399,2.205882352941162,21600000,1.9836943441636583,2080700000,1.2185915492957746,0.0,0.0,5934774739.877899,101.79716534953515,5.9874644268340385
HUBB,2017-12-31,917700000,288500000,122600000,0.0,165900000,20400000,122500000,146300000,23800000,1.5,1.42,0.08,5.6338,3720600000,2072700000,375000000,68100000,987100000,1634200000,1892400000,55000000,559400000,634700000,326500000,150400000,26500000,42100000,100000,20400000,-3.4508153603366676,2.222948676037921,5.633802816901413,176900000,1.2683270101578754,1055200000,5.506607929515418,0.0,-0.004901960784313725,5663131959.191238,277.6045078034921,6.171005730839314
HUBB,2017-09-30,950500000,307600000,150100000,0.0,157500000,80800000,135200000,160300000,25100000,1.59,1.5,0.09,6.0,3743200000,2075500000,386400000,93800000,986700000,1656000000,1914300000,54900000,615100000,623600000,349400000,96500000,20200000,38300000,0,80800000,0.23199409469576437,8.500789058390321,6.000000000000005,116700000,1.2533212560386473,1080500000,4.119402985074627,0.0,0.0,5222035261.102806,64.62914927107434,5.493987649766234
HUBB,2017-06-30,948300000,295500000,134400000,0.0,161100000,79100000,128300000,153700000,25400000,1.43,1.41,0.02,1.4184,3666700000,2063500000,367700000,403400000,691800000,1592300000,1871800000,55100000,600800000,585300000,353000000,69100000,19400000,38400000,-40000000,79100000,11.263639563533957,8.341242222925235,1.4184397163120581,88500000,1.2959241348992023,1095200000,0.9115022310361923,0.0,0.5056890012642224,5061428146.499413,63.98771360934782,5.337370185067397
HUBB,2017-03-31,852300000,262600000,107800000,0.0,154800000,62800000,102000000,126200000,24200000,1.13,1.11,0.02,1.8018,3494600000,1905800000,381000000,5100000,990900000,1578700000,1867200000,55600000,545000000,547800000,300100000,63000000,13600000,38800000,-52600000,62800000,-0.22243034418168994,7.368297547811803,1.8018018018017834,76600000,1.2071957940077278,996000000,74.70588235294117,0.0,0.8375796178343949,5336995046.350433,84.98399755335085,6.261873807755993
HUBB,2016-12-31,854200000,258600000,107800000,0.0,150800000,64400000,109400000,133100000,23700000,1.16,1.23,-0.07,-5.6911,3525000000,1921800000,437600000,3200000,990500000,1592800000,1879300000,55600000,545100000,532400000,291600000,137500000,21400000,38900000,246800000,64400000,-5.862905003306151,7.5392179817372975,-5.691056910569111,158900000,1.2065544952285283,993700000,136.75,0.0,-3.8322981366459627,4931882346.665962,76.58202401655221,5.77368572543428
HUBB,2016-09-30,907400000,288700000,136000000,0.0,152700000,86700000,135700000,158400000,22700000,1.56,1.5,0.06,4.0,3491100000,1856500000,364500000,5800000,990100000,1625500000,1853700000,55500000,565900000,545700000,291500000,138500000,15900000,34800000,0,86700000,-0.15404929577464976,9.55477187568878,4.0000000000000036,154400000,1.1421101199630883,995900000,62.8448275862069,0.0,0.0,4729727976.795982,54.55280250053036,5.212395830720721
HUBB,2016-06-30,908800000,293500000,132100000,0.0,161400000,81000000,128100000,151300000,23200000,1.45,1.43,0.02,1.3986,3417700000,1838300000,338500000,58300000,989700000,1570200000,1802000000,55600000,516800000,546800000,279400000,64300000,14600000,34800000,-45000000,81000000,8.864398658361283,8.912852112676056,1.3986013986014,78900000,1.1707425805629856,1048000000,5.806174957118353,0.0,0.5555555555555556,4605708134.624504,56.86059425462351,5.067900676303371
HUBB,2016-03-31,834800000,259900000,101900000,0.0,158000000,60900000,100600000,123300000,22700000,1.08,1.07,0.01,0.9346,3400900000,1825200000,320800000,19700000,989500000,1566900000,1789800000,56500000,503700000,559500000,292300000,62300000,15300000,35500000,-201800000,60900000,0.614680004821011,7.295160517489219,0.9345794392523372,77600000,1.1648477886272257,1009200000,16.284263959390863,0.0,3.3136288998357966,4285067177.914711,70.36235103308228,5.133046451742587
HUBB,2015-12-31,829700000,263900000,111900000,0.0,152000000,61500000,99000000,120600000,21600000,1.23,1.17,0.06,5.1282,3208700000,1459700000,343500000,48200000,595900000,1740600000,1886100000,58000000,487900000,540000000,289500000,138000000,24800000,36500000,-3100000,61500000,-5.393386545039913,7.412317705194649,5.128205128205133,162800000,0.8386188670573366,644100000,7.126556016597511,0.0,0.05040650406504065,4254675627.052147,69.18171751304304,5.127968695977036
HUBB,2015-09-30,877000000,290000000,131000000,0.0,159000000,73300000,122700000,143400000,20700000,1.4,1.31,0.09,6.8702,3382500000,1428900000,433800000,400000,597900000,1943900000,2062500000,57900000,530900000,527000000,270100000,94400000,17800000,32300000,400000,73300000,0.3432494279176135,8.358038768529076,6.8702290076335775,112200000,0.7350686763722414,598300000,1084.5,0.0,-0.005457025920873124,4203587074.088066,57.34770905986448,4.793143756086734
HUBB,2015-06-30,874000000,283100000,126700000,0.0,156400000,80100000,125400000,146600000,21200000,1.37,1.34,0.03,2.2388,3330100000,1393600000,444300000,200000,597800000,1927400000,2021600000,58000000,512500000,511900000,279800000,72900000,18200000,32400000,0,80100000,7.941212794862285,9.164759725400458,2.2388059701492558,91100000,0.7230465912628411,598000000,2221.5,0.0,0.0,4612777954.852638,57.58773976095678,5.277777980380593
HUBB,2015-03-31,809700000,251800000,105000000,0.0,146800000,62400000,102400000,124100000,21700000,1.07,1.05,0.02,1.9048,3255700000,1384500000,413300000,24100000,597700000,1862200000,1973900000,58300000,501700000,485500000,259600000,25800000,16300000,32500000,-76000000,62400000,,7.706557984438681,1.9047619047619064,42100000,0.7434754591343572,621800000,17.149377593360995,0.0,1.2179487179487178,4646260474.256279,74.45930247205575,5.738249319817561
