ticker,fiscalDateEnding,totalRevenue,grossProfit,operatingIncome,researchAndDevelopment,operatingExpenses,netIncome,ebit,ebitda,depreciationAndAmortization,reportedEPS,estimatedEPS,surprise,surprisePercentage,totalAssets,totalLiabilities,cashAndCashEquivalentsAtCarryingValue,shortTermDebt,longTermDebt,totalShareholderEquity,retainedEarnings,commonStockSharesOutstanding,currentNetReceivables,inventory,currentAccountsPayable,operatingCashflow,capitalExpenditures,dividendPayout,proceedsFromRepurchaseOfEquity,cashflowNetIncome,marketCap,stockPrice,sharesOutstanding
IBM,2025-09-30,,,,,,,,,,None,2.45,0,None,,,,,,,,,,,,,,,,,,,
IBM,2025-06-30,16977000000,9977000000,3086000000,2097000000,6890000000,2194000000,3109000000,4374000000,1265000000,2.8,2.65,0.15,5.6604,148585000000,120998000000,11943000000,9765000000,55219000000,27509000000,151367000000,946700000,13493000000,1251000000,3974000000,1701000000,210000000,1563000000,-153000000,2194000000,279068226000.0,294.78,946700000.0
IBM,2025-03-31,14541000000,8031000000,1765000000,1950000000,6266000000,1055000000,1613000000,2790000000,1177000000,1.6,1.43,0.17,11.8881,145667000000,118714000000,11035000000,7711000000,56371000000,26880000000,150703000000,945400000,12935000000,1431000000,3585000000,4370000000,395000000,1549000000,-284000000,1055000000,235083164000.0,248.66,945400000.0
IBM,2024-12-31,17553000000,10439000000,3901000000,1967000000,6538000000,2914000000,3730000000,4843000000,1113000000,3.92,3.78,0.14,3.7037,137175000000,109782000000,13947000000,5857000000,49884000000,27307000000,151163000000,942400000,6804000000,1289000000,4032000000,4330000000,444000000,1546000000,-112000000,2914000000,207167792000.0,219.83,942400000.0
IBM,2024-09-30,14967000000,8420000000,2177000000,1876000000,6242000000,-330000000,-373000000,895000000,1268000000,2.3,2.23,0.07,3.139,134339000000,109809000000,13197000000,4389000000,52980000000,24448000000,149789000000,923600000,12655000000,1367000000,3274000000,2881000000,424000000,1543000000,-189000000,-330000000,204189488000.0,221.08,923600000.0
IBM,2024-06-30,15769000000,8950000000,2434000000,1840000000,6515000000,1834000000,2646000000,3801000000,1155000000,2.43,2.17,0.26,11.9816,133848000000,109744000000,12210000000,4364000000,52929000000,24026000000,151659000000,934397595,11601000000,1234000000,3631000000,2066000000,444000000,1536000000,-151000000,1834000000,163613018884.5,175.1,934397595.0
IBM,2024-03-31,14461000000,7742000000,1563000000,1796000000,6179000000,1605000000,1506000000,2637000000,1131000000,1.68,1.6,0.08,5,137169000000,113836000000,14603000000,6255000000,54033000000,23261000000,151362000000,933400000,11678000000,1212000000,3588000000,4168000000,373000000,1522000000,-199000000,1605000000,177187322000.0,189.83,933400000.0
IBM,2023-12-31,17380000000,10267000000,3995000000,1748000000,6271000000,3288000000,4164000000,5316000000,1152000000,3.87,3.78,0.09,2.381,135241000000,112628000000,13089000000,7246000000,50121000000,22533000000,151276000000,927300000,13956000000,1161000000,4132000000,4463000000,448000000,1518000000,-64000000,3288000000,149758950000.0,161.5,927300000.0
IBM,2023-09-30,14752000000,8023000000,2104000000,1685000000,5919000000,1704000000,2285000000,3378000000,1093000000,2.2,2.13,0.07,3.2864,129321000000,106165000000,7257000000,7220000000,48828000000,23081000000,149506000000,923673300,11204000000,1399000000,3342000000,3055000000,282000000,1515000000,-98000000,1704000000,130053200640.00002,140.8,923673300.0
IBM,2023-06-30,15475000000,8501000000,2278000000,1687000000,6223000000,1583000000,2423000000,3500000000,1077000000,2.18,2,0.18,9,132213000000,109942000000,9394000000,7627000000,50691000000,22201000000,149318000000,919452496,6120000000,1501000000,3732000000,2638000000,487000000,1510000000,-144000000,1583000000,123031938489.76,133.81,919452496.0
IBM,2023-03-31,14252000000,7509000000,1436000000,1655000000,6073000000,927000000,1425000000,2499000000,1074000000,1.36,1.24,0.12,9.6774,133637000000,111965000000,9337000000,5756000000,53826000000,21604000000,149253000000,917845279,6218000000,1603000000,3728000000,3774000000,457000000,1497000000,-96000000,927000000,120320337624.11,131.09,917845279.0
IBM,2022-12-31,16691000000,9632000000,3499000000,1604000000,6134000000,2711000000,3625000000,4762000000,1137000000,3.6,3.61,-0.01,-0.277,127243000000,105222000000,7886000000,5634000000,46189000000,21944000000,149825000000,915900000,7005000000,1552000000,4051000000,3965000000,544000000,1494000000,-78000000,2711000000,129645645000.00002,141.55,915900000.0
IBM,2022-09-30,14106000000,7430000000,1561000000,1611000000,5868000000,-3196000000,-4206000000,-3043000000,1163000000,1.81,1.8,0.01,0.5556,125850000000,105703000000,7816000000,6781000000,44942000000,20076000000,148611000000,904100000,6048000000,1794000000,3806000000,1901000000,455000000,1491000000,-14000000,-3196000000,107416121000.0,118.81,904100000.0
IBM,2022-06-30,15535000000,8290000000,1960000000,1673000000,6329000000,1392000000,2019000000,3265000000,1246000000,2.31,2.29,0.02,0.8734,127503000000,108027000000,7034000000,6866000000,44328000000,19409000000,153298000000,910700000,13395000000,1684000000,3707000000,1321000000,511000000,1488000000,-235000000,1392000000,128581733000.0,141.19,910700000.0
IBM,2022-03-31,14197000000,7335000000,1184000000,1679000000,6151000000,733000000,934000000,2190000000,1256000000,1.4,1.42,-0.02,-1.4085,133275000000,114163000000,9934000000,8644000000,46545000000,19050000000,153401000000,909226136,6480000000,1776000000,3453000000,3248000000,450000000,1475000000,-80000000,733000000,118217582202.72002,130.02,909226136.0
IBM,2021-12-31,3259000000,6107000000,1253000000,1581000000,4855000000,2332000000,1364000000,2745000000,1381000000,3.35,3.29,0.06,1.8237,132001000000,113005000000,6650000000,7761000000,44917000000,18901000000,154209000000,904641001,7225000000,1649000000,3955000000,2544000000,601000000,1474000000,-67000000,2333000000,120914316193.66,133.66,904641001.0
IBM,2021-09-30,13251000000,7106000000,1336000000,1606000000,5770000000,1130000000,1103000000,2787000000,1684000000,2.52,2.51,0.01,0.3984,144214000000,121857000000,7455000000,8860000000,46926000000,22228000000,161747000000,906000000,15235000000,1891000000,4248000000,2713000000,734000000,1471000000,-18000000,1130000000,125870580000.0,138.93,906000000.0
IBM,2021-06-30,14218000000,7852000000,1599000000,1641000000,6253000000,1325000000,1193000000,2873000000,1680000000,2.33,2.29,0.04,1.7467,146814000000,124747000000,7350000000,7776000000,48735000000,21942000000,162086000000,904200000,16370000000,1807000000,4214000000,2625000000,764000000,1467000000,-193000000,1325000000,132546678000.0,146.59,904200000.0
IBM,2021-03-31,13187000000,7027000000,956000000,1616000000,6071000000,955000000,524000000,2196000000,1672000000,1.77,1.65,0.12,7.2727,148629000000,127116000000,10531000000,6535000000,51206000000,21389000000,162218000000,901746065,16589000000,1828000000,4140000000,4914000000,669000000,1457000000,-41000000,955000000,120166680621.9,133.26,901746065.0
IBM,2020-12-31,20368000000,10523000000,3999000000,1611000000,6525000000,1355000000,1606000000,3305000000,1699000000,2.07,1.88,0.19,10.1064,155971000000,135245000000,13212000000,8151000000,54355000000,20597000000,162717000000,899000000,6215000000,1839000000,4033000000,5860000000,821000000,1454000000,-77000000,1356000000,113166120000.0,125.88,899000000.0
IBM,2020-09-30,17561000000,8430000000,2409000000,1515000000,6022000000,1697000000,2150000000,3833000000,1683000000,2.58,2.58,0,0,154128000000,132794000000,14393000000,11622000000,55129000000,21208000000,162806000000,897292233,18398000000,1949000000,3985000000,4285000000,893000000,1453000000,-14000000,1698000000,109173545989.11,121.67,897292233.0
IBM,2020-06-30,18123000000,8700000000,2210000000,1582000000,6490000000,1361000000,1894000000,3573000000,1679000000,2.18,2.09,0.09,4.3062,154200000000,133512000000,12041000000,10632000000,55449000000,20551000000,162559000000,894900000,19952000000,1869000000,4719000000,3576000000,733000000,1450000000,-167000000,1361000000,108077073000.0,120.77,894900000.0
IBM,2020-03-31,17570000000,7922000000,1187000000,1625000000,6734000000,1175000000,277000000,1911000000,1634000000,1.84,1.8,0.04,2.2222,153403000000,133275000000,11218000000,12970000000,52685000000,19999000000,162626000000,895000000,21157000000,1786000000,4172000000,4476000000,783000000,1440000000,-44000000,1175000000,99282350000.0,110.93,895000000.0
IBM,2019-12-31,21777000000,11100000000,4266000000,1596000000,6834000000,3670000000,4347000000,5997000000,1650000000,4.71,4.69,0.02,0.4264,152186000000,131201000000,8172000000,10177000000,54102000000,20841000000,162954000000,893700000,8362000000,1619000000,4896000000,3451000000,729000000,1438000000,-86000000,3670000000,119791548000.0,134.04,893700000.0
IBM,2019-09-30,18027000000,8336000000,1924000000,1553000000,6411000000,1672000000,1954000000,3623000000,1669000000,2.68,2.66,0.02,0.7519,149620000000,131525000000,10087000000,9907000000,57676000000,17956000000,160709000000,892800000,21472000000,1712000000,4042000000,3619000000,751000000,1436000000,-159000000,1672000000,129830975999.99998,145.42,892800000.0
IBM,2019-06-30,19161000000,9010000000,2369000000,1407000000,6641000000,2498000000,3116000000,4410000000,1294000000,3.17,3.07,0.1,3.2573,154652000000,136876000000,45399000000,15912000000,58380000000,17645000000,160467000000,890831801,25332000000,1745000000,4724000000,2941000000,732000000,1436000000,-407000000,2498000000,124609552323.87999,139.88,890831801.0
IBM,2019-03-31,18181000000,8043000000,2021000000,1433000000,6021000000,1591000000,2093000000,3539000000,1446000000,2.25,2.24,0.01,0.4464,130926000000,114319000000,17134000000,11562000000,39727000000,16481000000,159396000000,893900000,28473000000,1771000000,5711000000,4759000000,695000000,1397000000,-981000000,1591000000,128095870000.00002,143.3,893900000.0
IBM,2018-12-31,21760000000,10687000000,4824000000,1358000000,5863000000,1951000000,4627000000,5739000000,1112000000,4.87,4.82,0.05,1.0373,123382000000,106452000000,11379000000,10210000000,35605000000,16796000000,159206000000,905200000,7902000000,1682000000,6558000000,4119000000,933000000,1416000000,-2073000000,1951000000,102894084000.0,113.67,905200000.0
IBM,2018-09-30,18756000000,8803000000,3467000000,1252000000,5336000000,2694000000,3187000000,4325000000,1138000000,3.42,3.4,0.02,0.5882,121990000000,102072000000,11563000000,10932000000,35989000000,19784000000,158612000000,915200000,27087000000,1893000000,5384000000,4232000000,955000000,1431000000,-631000000,2694000000,140025600000.0,153.0,915200000.0
IBM,2018-06-30,20003000000,9199000000,3268000000,1364000000,5931000000,2403000000,2949000000,4065000000,1116000000,3.08,3.04,0.04,1.3158,121622000000,102974000000,10741000000,7646000000,37851000000,18520000000,157349000000,919400000,28340000000,1742000000,5518000000,2294000000,1080000000,1437000000,-1080000000,2404000000,128587284000.00002,139.86,919400000.0
IBM,2018-03-31,19071000000,8247000000,1727000000,1405000000,6519000000,1679000000,1301000000,2415000000,1114000000,2.45,2.42,0.03,1.2397,125285000000,106995000000,11949000000,5977000000,40410000000,18166000000,156371000000,925400000,29229000000,1753000000,5736000000,4602000000,996000000,1382000000,-830000000,1679000000,138874778000.0,150.07,925400000.0
IBM,2017-12-31,22543000000,10862000000,4652000000,1427000000,6210000000,-1055000000,4633000000,5782000000,1149000000,5.18,5.17,0.01,0.1934,125356000000,107631000000,11972000000,6987000000,39837000000,17594000000,153126000000,928900000,31630000000,1583000000,6451000000,5733000000,1089000000,1387000000,-706000000,-1054000000,143282825000.0,154.25,928900000.0
IBM,2017-09-30,19153000000,8981000000,3399000000,1291000000,5582000000,2726000000,3233000000,4409000000,1176000000,3.3,3.28,0.02,0.6098,121636000000,101879000000,10915000000,4299000000,41327000000,19627000000,155565000000,933200000,27126000000,1711000000,5442000000,3570000000,981000000,1396000000,-955000000,2725000000,136863112000.0,146.66,933200000.0
IBM,2017-06-30,19289000000,8968000000,2881000000,1436000000,6087000000,2331000000,2590000000,3707000000,1117000000,2.97,2.74,0.23,8.3942,120495000000,101951000000,11696000000,8061000000,37612000000,18419000000,154234000000,939600000,26958000000,1604000000,5126000000,3466000000,826000000,1403000000,-1529000000,2332000000,144538668000.0,153.83,939600000.0
IBM,2017-03-31,18155000000,7944000000,1894000000,1484000000,6050000000,1750000000,1559000000,2658000000,1099000000,2.38,2.35,0.03,1.2766,117495000000,99047000000,10096000000,8340000000,34441000000,18327000000,153292000000,947800000,25869000000,1609000000,5324000000,3955000000,877000000,1321000000,-1343000000,1750000000,165049892000.0,174.14,947800000.0
IBM,2016-12-31,21771000000,10893000000,5004000000,1431000000,5890000000,4501000000,5142000000,6269000000,1127000000,5.01,4.88,0.13,2.6639,117470000000,99078000000,7826000000,7513000000,34655000000,18246000000,152759000000,952700000,29245000000,1553000000,6209000000,3657000000,1115000000,1329000000,-870000000,4501000000,159281913000.0,167.19,952700000.0
IBM,2016-09-30,19227000000,9013000000,3380000000,1397000000,5634000000,2853000000,3421000000,4548000000,1127000000,3.29,3.23,0.06,1.8576,115606000000,98447000000,9039000000,6920000000,35563000000,17010000000,149585000000,957300000,25196000000,1729000000,5271000000,4117000000,914000000,1337000000,-860000000,2853000000,152067105000.0,158.85,957300000.0
IBM,2016-06-30,20239000000,9702000000,3279000000,1465000000,6424000000,2505000000,3216000000,4319000000,1103000000,2.95,2.88,0.07,2.4306,118056000000,102167000000,10017000000,4887000000,39638000000,15733000000,148071000000,960500000,8782000000,1685000000,5484000000,3458000000,1021000000,1340000000,-921000000,2504000000,145784690000.0,151.78,960500000.0
IBM,2016-03-31,18684000000,8686000000,1530000000,1458000000,7155000000,2013000000,1181000000,2205000000,1024000000,2.35,2.17,0.18,8.2949,118856000000,103784000000,14354000000,7505000000,40254000000,14925000000,146888000000,964400000,26730000000,1690000000,5302000000,5530000000,1100000000,1200000000,-966000000,2014000000,146058380000.0,151.45,964400000.0
IBM,2015-12-31,22060000000,11406000000,5127000000,1362000000,6281000000,4462000000,5227000000,6217000000,990000000,4.84,4.81,0.03,0.6237,110495000000,96071000000,7686000000,6461000000,33428000000,14262000000,146124000000,972800000,28554000000,1551000000,6028000000,5279000000,1074000000,1300000000,-763000000,4463000000,133876736000.0,137.62,972800000.0
IBM,2015-09-30,19280000000,9436000000,3631000000,1287000000,5805000000,2950000000,3738000000,4674000000,936000000,3.34,3.3,0.04,1.2121,108649000000,95198000000,9480000000,7538000000,32122000000,13294000000,141898000000,979000000,25113000000,1613000000,5166000000,4235000000,1065000000,1300000000,-1543000000,2950000000,141925630000.0,144.97,979000000.0
IBM,2015-06-30,20814000000,10390000000,4112000000,1300000000,6279000000,3449000000,4339000000,5300000000,961000000,3.84,3.79,0.05,1.3193,112729000000,98892000000,8393000000,5329000000,33339000000,13684000000,141218000000,986700000,8632000000,1912000000,5943000000,3884000000,1042000000,1300000000,-1138000000,3449000000,160496622000.0,162.66,986700000.0
IBM,2015-03-31,19590000000,9452000000,3048000000,1298000000,6404000000,2327000000,3109000000,4077000000,968000000,2.91,2.84,0.07,2.4648,112037000000,99748000000,8796000000,4532000000,34295000000,12141000000,139030000000,992300000,27849000000,1970000000,6314000000,3610000000,970000000,1100000000,-1165000000,2328000000,159264150000.0,160.5,992300000.0
