ticker,fiscalDateEnding,totalRevenue,grossProfit,operatingIncome,researchAndDevelopment,operatingExpenses,netIncome,ebit,ebitda,depreciationAndAmortization,reportedEPS,estimatedEPS,surprise,surprisePercentage,totalAssets,totalLiabilities,cashAndCashEquivalentsAtCarryingValue,shortTermDebt,longTermDebt,totalShareholderEquity,retainedEarnings,commonStockSharesOutstanding,currentNetReceivables,inventory,currentAccountsPayable,operatingCashflow,capitalExpenditures,dividendPayout,proceedsFromRepurchaseOfEquity,cashflowNetIncome,revenueGrowthPct,netIncomeMarginPct,epsSurprisePct,freeCashFlow,debtToEquityRatio,totalDebt,cashRatio,rdIntensityPct,buybackRatio,marketCap,peRatio,psRatio
INFA,2025-06-30,407344000,326029000,-89000,88240000,326118000,-4649000,-5904000,23148000,29052000,0.18,0.2,-0.02,-10.0,5254719000.0,2870182000.0,1052275000.0,46870000.0,1782706000.0,2384537000.0,-1302029000.0,302811000,392796000.0,,20767000.0,24576000,1561000,0.0,0,-4649000,0.8534354055613091,-1.1412958089477199,-10.000000000000009,26137000,1.2036642752869844,1829576000.0,22.450928098997228,21.66228052947877,-0.0,6258838863.014078,-1346.2763740619657,15.364995834022542
INFA,2025-03-31,403897000,322885000,33827000,81973000,289058000,1340000,31417000,60035000,28618000,0.22,0.24,-0.02,-8.3333,5092100000.0,2814012000.0,956265000.0,31957000.0,1786543000.0,2278088000.0,-1297380000.0,308558000,344633000.0,,29555000.0,154174000,3147000,10000.0,-101346000,1340000,-5.698742718389937,0.3317677526696163,-8.33333333333333,157321000,1.2352516671875713,1818500000.0,29.923490940951904,20.295520887751085,75.63134328358208,4994558538.823948,3727.282491659663,12.36592135822734
INFA,2024-12-31,428305000,348371000,63426000,75953000,284945000,9754000,100431000,133433000,33002000,0.41,0.38,0.03,7.8947,5279532000.0,2972218000.0,912460000.0,32436000.0,1790401000.0,2307314000.0,-1298710000.0,313851000,570169000.0,,27155000.0,146858000,1607000,0.0,-101854000,9754000,1.3785235312357313,2.277349085348058,7.894736842105256,148465000,1.2881723077136444,1822837000.0,28.131088913552844,17.733390924691516,10.442280090219397,6913136523.528156,708.74887466969,16.14068601470484
INFA,2024-09-30,422481000,340872000,50933000,80316000,289939000,-13985000,51751000,86454000,34703000,0.28,0.3,-0.02,-6.6667,5173844000.0,2766148000.0,932573000.0,34014000.0,1794259000.0,2407696000.0,-1308319000.0,303954000,364812000.0,,11697000.0,106498000,772000,0.0,11470000,-13985000,5.455475819032762,-3.3102080330239705,-6.666666666666654,107270000,1.148877599165343,1828273000.0,27.417328158993357,19.010559054726723,0.8201644619234895,6493447465.073948,-464.3151566016409,15.369797612375345
INFA,2024-06-30,400625000,317730000,9464000,79234000,308266000,4828000,24080000,60698000,36618000,0.23,0.22,0.01,4.5455,5121805000.0,2795989000.0,798465000.0,48418000.0,1798140000.0,2325816000.0,-1294334000.0,314934000,401911000.0,1.0,20506000.0,24852000,1175000,0.0,-30848000,4828000,3.092584539135945,1.2051170046801871,4.545454545454549,26027000,1.2021539967048125,1846558000.0,16.491077698376635,19.777597503900157,6.389395194697597,8049685006.0317135,1667.291840520239,20.09281748775467
INFA,2024-03-31,388607000,306852000,3225000,79654000,303627000,9334000,22967000,57933000,34966000,0.22,0.21,0.01,4.7619,5084914000.0,2822099000.0,855068000.0,50152000.0,1802033000.0,2262815000.0,-1299162000.0,312499000,360677000.0,,20084000.0,131642000,390000,12000.0,13797000,9334000,-12.707501269155264,2.4019124719832634,4.761904761904766,132032000,1.24716293643095,1852185000.0,17.049529430531184,20.49731476787603,-1.478144418255839,8492835471.612625,909.8816661252009,21.854561218950316
INFA,2023-12-31,445178000,358213000,36832000,79464000,321381000,64261000,40863000,83086000,42223000,0.32,0.3,0.02,6.6667,5202082000.0,2989484000.0,732443000.0,51572000.0,1805960000.0,2212598000.0,-1308484000.0,304826000,579932000.0,,18050000.0,101042000,1624000,12000.0,-18624000,64261000,8.961898165032078,14.434900197224481,6.666666666666673,102666000,1.351119362848561,1857532000.0,14.202338478244009,17.849938676214908,0.28981808561958267,6540369284.926052,101.77820583131374,14.691582434275844
INFA,2023-09-30,408563000,324722000,32064000,85862000,292658000,79276000,48030000,89727000,41697000,0.27,0.23,0.04,17.3913,4797757000.0,2757244000.0,612107000.0,51480000.0,1809891000.0,2040513000.0,-1372745000.0,296556000,362810000.0,1.0,7956000.0,58718000,1804000,0.0,-15152000,79276000,8.663840335329853,19.403617067624822,17.39130434782609,60522000,1.3512503963464089,1861371000.0,11.890190365190366,21.01560836394877,0.19112972400222009,5461169417.13026,68.88805460833368,13.36677432153734
INFA,2023-06-30,375988000,290396000,-5386000,87707000,295782000,-152466000,7065000,48575000,41510000,0.17,0.12,0.05,41.6667,4827847000.0,2905749000.0,632803000.0,51320000.0,1813835000.0,1922098000.0,-1452021000.0,287109000,385714000.0,1.0,15594000.0,36705000,1891000,11100000.0,-11100000,-152466000,2.8889174700559073,-40.55076225836995,41.66666666666668,38596000,1.5117590258145006,1865155000.0,12.330533904910366,23.327074268327713,-0.07280311676045807,4603544036.323948,-30.193905764720974,12.243858943168261
INFA,2023-03-31,365431000,283534000,-29947000,82039000,313481000,-116354000,-21734000,19629000,41363000,0.15,0.16,-0.01,-6.25,4815613000.0,2794025000.0,632907000.0,51586000.0,1817792000.0,2021588000.0,-1299555000.0,284886000,355515000.0,,20393000.0,69882000,1224000,12000.0,16131000,-116354000,-8.362986200445855,-31.840210600633224,-6.250000000000005,71106000,1.3820941754699771,1869378000.0,12.268968324739271,22.44992898796216,0.13863726214827166,4496666778.75,-38.64643053741169,12.305104872739314
INFA,2022-12-31,398781000,312677000,28898000,79179000,283779000,-4381000,30790000,82235000,51445000,0.24,0.21,0.03,14.2857,4970899000.0,2916538000.0,497879000.0,36264000.0,1821760000.0,2054361000.0,-1183189000.0,283410000,549980000.0,1.0,38002000.0,60710000,3892000,24000.0,32790000,-4381000,7.213315732448633,-1.0985979773359311,14.285714285714285,64602000,1.4196813510381088,1858024000.0,13.729290756673285,19.855258901502328,7.484592558776535,4478419514.852104,-1022.2368214681817,11.23027304423256
INFA,2022-09-30,371951000,284760000,2589000,80403000,282171000,-15602000,9365000,61390000,52025000,0.18,0.17,0.01,5.8824,4657598000.0,2687409000.0,499863000.0,50750000.0,1825701000.0,1970189000.0,-1178808000.0,281859000,372262000.0,-8224000.0,22380000.0,53259000,573000,12000.0,19146000,-15602000,-0.023653434182979716,-4.194638541098156,5.8823529411764595,53832000,1.3640361406951313,1876451000.0,9.84951724137931,21.61655701960742,1.227150365337777,5753126633.897896,-368.74289410959466,15.467431553881818
INFA,2022-06-30,372039000,285630000,-12122000,84064000,297752000,-30506000,-7156000,45882000,53038000,0.16,0.08,0.08,100.0,4736498000.0,2756738000.0,543201000.0,52736000.0,1829617000.0,1979760000.0,-1163206000.0,280417000,410746000.0,-11012000.0,20939000.0,15933000,356000,24000.0,0,-30506000,2.674784115778528,-8.199677990748281,100.0,16289000,1.3924607023073503,1882353000.0,10.300383040048544,22.5954805813369,-0.0,5317797134.55987,-174.3197120094365,14.293655059173554
INFA,2022-03-31,362347000,278548000,6238000,75123000,272310000,-3186000,10824000,64349000,53525000,0.2,0.14,0.06,42.8571,4832122000.0,2817351000.0,545301000.0,55116000.0,1833513000.0,2014771000.0,-1132700000.0,278772000,371748000.0,-4954000.0,32683000.0,70155000,644000,24000.0,13644000,-3186000,-10.907772122642667,-0.879267663317207,42.85714285714285,70799000,1.3983480008397977,1888629000.0,9.89369693011104,20.73233668279301,4.2824858757062145,5255234873.823948,-1649.477361526663,14.503321053641807
INFA,2021-12-31,406710000,311924000,-1197000,73750000,313121000,-66332000,-34143000,33000000,67143000,0.2,0.21,-0.01,-4.7619,4986263000.0,3002587000.0,456378000.0,32568000.0,1837408000.0,1983676000.0,-1129490000.0,267473000,541535000.0,-109269000.0,41755000.0,86290000,4802000,432000000.0,9318000,-66332000,12.410760433048562,-16.309409653069753,-4.761904761904753,91092000,1.51364789411174,1869976000.0,14.013080324244658,18.13331366329817,0.14047518543086293,8391170865.665531,-126.50260606744152,20.631828245348114
INFA,2021-09-30,361807000,281225000,28657000,63079000,252568000,2727000,42933000,110572000,67639000,0.23,0.18,0.05,27.7778,4780958000.0,3666160000.0,416967000.0,60547000.0,2733104000.0,1114798000.0,-1063158000.0,273698607,368176000.0,,21224000.0,37944000,4722000,24000.0,-3937000,2727000,5.845681269655523,0.753716760593355,27.77777777777779,42666000,3.288631662417765,2793651000.0,6.886666556559367,17.434433275199208,1.4437110377704436,,,
INFA,2021-06-30,341825000,262623000,14436000,63927000,248187000,-34329000,13144000,81029000,67885000,0.0625,0.01,0.0525,525.0,4850846000.0,3727171000.0,408553000.0,43753000.0,2750307000.0,1123675000.0,-1063509000.0,273698607,363120000.0,1.0,23687000.0,39501000,555000,,-4628000,-34329000,2.4308312831684775,-10.042858187669129,525.0,40056000,3.3169475159632458,2794060000.0,9.33771398532672,18.70167483361369,-0.13481313175449328,,,
INFA,2021-03-31,333713000,256284000,18010000,59904000,238274000,-1995000,34615000,102785000,68170000,-0.0008,0.0,-0.0008,,,,-362733000.0,,,1166587000.0,-1063509000.0,273698607,363120000.0,,23687000.0,64948000,738000,24000.0,-753000,-1995000,-11.370294137175485,-0.597819084063252,-inf,65686000,,0.0,,17.95075409109025,-0.3774436090225564,,,
INFA,2020-12-31,376525000,293727000,28417000,61379000,265310000,-32760000,12968000,93971000,81003000,-0.0008,0.0,-0.0008,,5073406000.0,3906819000.0,344004000.0,42228000.0,2777812000.0,1166587000.0,-1024406000.0,273698607,510363000.0,1.0,32960000.0,78543000,4774000,,-830000,-32760000,15.05975681679974,-8.70061748887856,-inf,83317000,3.3489306841238586,2820040000.0,8.146348394430236,16.301440807383308,-0.025335775335775336,,,
INFA,2020-09-30,327243000,249547000,8138000,56902000,241409000,-32309000,-5100000,74068000,79168000,,,,,,,,,,,,273698607,,,,42929000,4783000,49938000.0,-399000,-32309000,5.6767980779167,-9.873091250233006,,47712000,,0.0,,17.38830165962297,-0.012349500139280076,,,
INFA,2020-06-30,309664000,254951500,-6884000,79968000,279638000,-51409000,-6884000,46672500,53556500,,,,,,,,,,,,275873607,,,,23141000,2139000,,-1890000,-51409000,0.0,-16.60154231683373,,25280000,,0.0,,25.82411904515862,-0.03676399074092085,,,
INFA,2020-03-31,309664000,254951500,-6884000,79968000,279638000,-51409000,-6884000,46672500,53556500,,,,,,,-173408000.0,,,1294933000.0,,276961107,,,,23141000,2139000,,-1890000,-51409000,,-16.60154231683373,,25280000,,0.0,,25.82411904515862,-0.03676399074092085,,,
