ticker,fiscalDateEnding,totalRevenue,grossProfit,operatingIncome,researchAndDevelopment,operatingExpenses,netIncome,ebit,ebitda,depreciationAndAmortization,reportedEPS,estimatedEPS,surprise,surprisePercentage,totalAssets,totalLiabilities,cashAndCashEquivalentsAtCarryingValue,shortTermDebt,longTermDebt,totalShareholderEquity,retainedEarnings,commonStockSharesOutstanding,currentNetReceivables,inventory,currentAccountsPayable,operatingCashflow,capitalExpenditures,dividendPayout,proceedsFromRepurchaseOfEquity,cashflowNetIncome,marketCap,stockPrice,sharesOutstanding
KSCP,2025-06-30,2749000,-1018000,-6257000,2099000,5239000,-6329000,-6256000,-5637000,619000,-0.9,-1.17,0.27,23.0769,29220000,14105000,8211000,582000,3991000,15115000,-206418000,6995145,2491000,1742000,2482000,-5490000,181000,None,None,-6329000,34556016.300000004,4.94,6995145.0
KSCP,2025-03-31,2917000,-668000,-6828000,2125000,6160000,-6897000,-6816000,-6160000,656000,-1.28,-0.04,-1.24,-3100,29810000,11647000,12661000,1635000,3971000,18163000,-200089000,5404552,2014000,1607000,2260000,-6375000,449000,None,None,-6897000,15240836.639999999,2.82,5404552.0
KSCP,2024-12-31,2813000,-996000,-6896000,2085000,5900000,-6967000,-6833000,-6110000,723000,-1.63,-0.04,-1.59,-3975,28185000,12404000,11124000,1776000,3952000,15781000,-193192000,2893634,1817000,1797000,2812000,-5076000,31000,None,0,-6967000,36517661.08,12.62,2893634.0
KSCP,2024-09-30,2535000,-700000,-7741000,1770000,7008000,-10904000,-7708000,-7094000,614000,-3.5733,-0.05,-3.5233,-7046.6,24922000,15667000,5199000,3330000,3932000,9255000,-186225000,3042301,2355000,2896000,2563000,-4735000,8000,None,None,-10904000,22391335.36,7.36,3042301.0
KSCP,2024-06-30,3203000,-558000,-6466000,1637000,5908000,-6271000,-6466000,-5815000,651000,-0.05,-0.05,0,0,24550000,13374000,2625000,787000,3917000,11176000,-175321000,2337266,3508000,3242000,2615000,-4031000,869000,None,None,-6271000,661446.2779999999,0.283,2337266.0
KSCP,2024-03-31,2254000,-1445000,-8575000,1569000,7163000,-7592000,-7527000,-6898000,629000,-0.08,-0.06,-0.02,-33.3333,23993000,16616000,2587000,1777000,3898000,7377000,-169050000,96365979,3094000,2883000,1499000,-8611000,894000,None,None,-7592000,48992463.7236,0.5084,96365979.0
KSCP,2023-12-31,3013000,-1870000,-7339000,1569000,10352000,-6534000,-7339000,None,None,-0.07,-0.06,-0.01,-16.6667,None,None,None,None,None,None,None,1790928,None,None,None,-5997000,3000,None,None,-6534000,1060945.7472,0.5924,1790928.0
KSCP,2023-09-30,3324000,50000,-6483000,1903000,6533000,-8342000,-7240000,-6634000,606000,-0.11,-0.09,-0.02,-22.2222,25045000,15905000,4611000,1061000,None,9140000,-154924000,1554989,2094000,3159000,1718000,-6943000,3000,None,None,-8342000,1128300.0184,0.7256,1554989.0
KSCP,2023-06-30,3563000,9000,-5945000,1482000,5949000,-4798000,-5940000,-5342000,598000,-0.08,-0.11,0.03,27.2727,25167000,15949000,5842000,1379000,None,9218000,-146582000,1144487,2043000,2671000,1519000,-4732000,18000,None,None,-4798000,607608.1483,0.5309,1144487.0
KSCP,2023-03-31,2897000,-213000,-6521000,1397000,6164000,1131000,-1942000,-1385000,557000,-0.0572,-0.06,0.0028,4.6667,20412000,21124000,2375000,1761000,4112000,-712000,-141784000,854926,1856000,2698000,1688000,-6483000,439000,None,None,-2444000,761653.5734,0.8909,854926.0
KSCP,2022-12-31,2350000,-1180000,4137000,2466000,7576000,-27489000,4137000,4690000,553000,-15.2233,None,0,None,22082000,29885000,4810000,2875000,6554000,-7803000,-139340000,38349122,1746000,2560000,2457000,-5673000,35000,None,None,-11676000,71712858.14,1.87,38349122.0
KSCP,2022-09-30,1296000,-899000,-7775000,2070000,6876000,-2701000,-7775000,-7302000,473000,-0.14,0,-0.14,None,18799000,17433000,11069000,1314000,None,1366000,-127664000,738836,312000,1,1702000,-4753000,1105000,None,314000,-5238000,1787983.1199999999,2.42,738836.0
KSCP,2022-06-30,1042000,-690000,-7234000,2075000,6544000,8970000,-7234000,-6901000,333000,0.02,None,0,None,23517000,19973000,15639000,1392000,None,3544000,-122426000,993519,1637000,1,1237000,-5286000,35000,None,274000,868000,2980557.0,3.0,993519.0
KSCP,2022-03-31,944000,-549000,-8203000,1838000,7654000,-10991000,-686000,-335000,351000,-0.2,0,-0.2,None,28869000,27572000,21095000,1344000,None,1297000,-123294000,634056,1972000,None,1080000,-8352000,41000,None,19503000,-9597000,3195642.24,5.04,634056.0
KSCP,2021-12-31,846000,-792000,-8870000,1707000,8078000,-16207000,-13866000,-13455000,411000,-0.17,0,-0.17,None,17580000,43295000,10749000,7757000,None,-25715000,-113697000,208208,1189000,100000,1514000,-6487000,10000,608000,None,-16207000,1230509.28,5.91,208208.0
KSCP,2021-09-30,784000,-525000,-3994000,1238000,4778000,-4895000,-3994000,-3655001,None,,,,,16133000,27364000,9670000,None,None,-11231000,-97427000,14189000,971000,None,564000,-3102649,884718,None,None,-4895000,,,
KSCP,2021-06-30,912000,-423000,-6633000,1528000,6210000,-17163000,-6633000,-6202000,431000,-2.27,0,-2.27,None,17483721,24388039,11993086,5496932,None,-6904318,-92345569,203780,760759,100000,493953,-4758351,1488,None,None,-17163313,,,
KSCP,2021-03-31,866000,-317000,-5057000,1127000,4740000,-5577000,-5037000,-4709000,328000,,,,,None,None,-7057000,None,None,4594000,-92345569,203780,760759,None,493953,-5758000,10000,None,None,-5577000,,,
KSCP,2020-12-31,976578,-171983,-5065771,960684,4893788,-5601542,-5065892,-4724000,341892,,,,,12943734,13967444,7056597,560000,4578869,-1023710,-69246228,203780,874000,100000,232000,-5102531,193000,None,None,-5601542,,,
KSCP,2020-09-30,720000,-579000,-3911000,986000,3332000,-4598000,-3896000,-3849969,46031,,,,,None,None,None,None,None,None,-69246228,203780,874354,None,231526,-4687073,126877,None,None,-4598091,,,
KSCP,2020-06-30,818774,-273862,-2832212,649270,3754776,-4730299,-2832212,-2349228,482984,,,,,8594706,10447872,1916373,None,None,-1853166,-58707798,203780,711533,1,908612,-2689463,156061,None,None,-4570454,,,
KSCP,2020-03-31,818774,-273863,-2832212,649270,3754776,-4730300,-2832212,-2349227,482985,,,,,8594706,10447872,1916373,None,None,-1853166,-58707798,203780,711533,1,908612,-2689464,156061,None,None,-4570455,,,
KSCP,2019-12-31,694129,-393414,-2477327,597354,1712222,-2636011,-2477327,-2126108,351219,,,,,7736152,9225336,608674,None,None,-1489184,-49247199,203580,655659,1,967681,-2206604,61772,None,None,-2483271,,,
KSCP,2019-09-30,694129,-393414,-2477327,597354,1712222,-2636011,-2477327,-2126108,351219,,,,,7736152,9225336,608674,None,None,-1489184,-49247199,203580,655659,1,967681,-2206604,61772,None,None,-2483271,,,
KSCP,2019-06-30,818522,-410367,-2557734,944493,2410877,-3512278,-2557734,-2176931,380803,,,,,8143594,8175371,360006,None,None,-31776,-43975176,203580,453379,None,1096495,-2054171,519539,None,None,-3495562,,,
KSCP,2019-03-31,818523,-410366,-2557734,944494,2410876,-3512279,-2557734,-2176930,380804,,,,,8143594,8175371,360006,None,None,-31776,-43975176,203580,453379,None,1096495,-2054171,519540,None,None,-3495563,,,
KSCP,2018-12-31,841455,-543748,-4112236,1207433,3248117,-3812579,-4112236,-3827377,284859,,,,,6987497,2804523,1358399,None,None,4161694,-36950619,203580,1178625,None,751529,-3589612,294488,None,None,-3812579,,,
KSCP,2018-09-30,841455,-543748,-4112236,1207433,3248117,-3812579,-4112236,-3827377,284859,,,,,6987497,2804523,1358399,None,None,4161694,-36950619,203580,1178625,None,751529,-3589612,294488,None,None,-3812579,,,
KSCP,2018-06-30,627862,-1111342,-3073360,563782,1697135,-2882334,-3073360,-2754626,318734,,,,,10919687,1309443,6837614,None,None,9610244,-29325461,203580,227199,1,409487,-2994445,316533,None,None,-2882334,,,
KSCP,2018-03-31,627862,-1111342,-3073361,563783,1697134,-2882335,-3073361,-2754627,318734,,,,,10919687,1309443,6837614,None,None,9610244,-29325461,203580,227199,1,409487,-2994445,316533,None,None,-2882335,,,
KSCP,2017-06-30,259940,-656183,-2531543,362201,1874078,-2576765,-2531543,-2320793,210750,,,,,6128416,1942582,2688701,None,None,4185834,-16010503,203580,281153,None,248510,-2448516,183650,None,None,-2576765,,,
KSCP,2017-03-31,259942,-656182,-2531544,362202,1874078,-2576765,-2531544,-2320794,210750,,,,,6128416,1942582,2688701,None,None,4185834,-16010503,203580,281153,None,248510,-2448516,183650,None,None,-2576765,,,
KSCP,2016-06-30,61254,37290,-1268544,1755,1305633,-1279531,-1268544,-1232517,36027,,,,,None,None,None,None,None,None,None,203580,None,None,None,-1602168,75816,None,None,-1279531,,,
KSCP,2016-03-31,61255,37291,-1268544,1755,1305633,-1279531,-1268544,-1232517,36027,,,,,None,None,None,None,None,None,None,203580,None,None,None,-1602169,75817,None,None,-1279531,,,
