ticker,fiscalDateEnding,totalRevenue,grossProfit,operatingIncome,researchAndDevelopment,operatingExpenses,netIncome,ebit,ebitda,depreciationAndAmortization,reportedEPS,estimatedEPS,surprise,surprisePercentage,totalAssets,totalLiabilities,cashAndCashEquivalentsAtCarryingValue,shortTermDebt,longTermDebt,totalShareholderEquity,retainedEarnings,commonStockSharesOutstanding,currentNetReceivables,inventory,currentAccountsPayable,operatingCashflow,capitalExpenditures,dividendPayout,proceedsFromRepurchaseOfEquity,cashflowNetIncome,revenueGrowthPct,netIncomeMarginPct,epsSurprisePct,freeCashFlow,debtToEquityRatio,totalDebt,cashRatio,rdIntensityPct,buybackRatio,marketCap,peRatio,psRatio
NICE,2025-06-30,726712000,485111000,160592000,89762000,324519000,187404000,160592000,205204000,44612000,3.01,2.99,0.02,0.6689,5309688000,1578444000,535050000,472155000.0,,3731244000,,63210000,680963000,,81624000,61322000,22716000,,-30839000,187404000,3.7875325624971534,25.78793249595438,0.6688963210702198,84038000,0.42303424809527335,472155000.0,1.1332083743685866,12.351798236440295,0.16455892083413373,10244800326.58026,54.66692454045943,14.097469598107997
NICE,2025-03-31,700192000,468112000,148169000,89102000,319943000,129290000,148169000,191610000,43441000,2.87,2.84,0.03,1.0563,5231927000,1732032000,469532000,471412000.0,,3499895000,,64368000,643245000,,59414000,285071000,20433000,,-252329000,129290000,-2.9667405764966737,18.464935332023217,1.056338028169023,305504000,0.49488113214825014,471412000.0,0.9960119810272119,12.725366756546777,1.9516513264753654,9518718238.457563,73.62300439676358,13.594440151355005
NICE,2024-12-31,721600000,489214000,154312000,94753000,334902000,99509000,151696000,200472000,48776000,3.02,2.9458,0.0742,2.5188,5295906000,1692743000,481712000,471345000.0,,3589742000,2702397000.0,64802000,648191000,-4206000.0,110603000,249522000,24386000,,-95156000,99509000,4.585318343157541,13.790049889135256,2.5188403829180466,273908000,0.4715500445435912,471345000.0,1.0219945050865078,13.130958980044346,0.9562552130963028,10724533622.679276,107.77450906630833,14.862158568014516
NICE,2024-09-30,689963000,460277000,141379000,91500000,318898000,120921000,141379000,194343000,52964000,2.88,2.68,0.2,7.4627,5188613000,1608367000,666734000,471425000.0,,3567727000,,64838000,629850000,,71349000,158961000,27231000,,-86437000,120921000,3.847531607465382,17.525722393809524,7.462686567164169,186192000,0.4508099975138232,471425000.0,1.4142949567799756,13.261580693457475,0.7148220739160278,10727003818.377304,88.71084276823136,15.547216036769079
NICE,2024-06-30,664400000,439617000,128824000,86522000,310793000,115785000,128824000,180344000,51520000,2.64,2.58,0.06,2.3256,5051819000,1584957000,739556000,26114000.0,457930000.0,3455172000,,65856000,580101000,,73129000,169668000,21693000,,-146088000,115785000,0.7721720771292295,17.42700180614088,2.325581395348839,191361000,0.45872014475690354,484044000.0,28.320287968139695,13.022576760987356,1.2617178390983288,11333924871.91974,97.88767864507268,17.058887525466197
NICE,2024-03-31,659309000,436640000,122959000,87832000,313681000,106373000,122959000,174719000,51760000,2.58,2.45,0.13,5.3061,5046578000,1588277000,794597000,13324000.0,457505000.0,3447085000,,66528000,574987000,,55238000,254490000,26457000,,-41515000,106373000,5.795485179527327,16.134013034859223,5.306122448979587,280947000,0.46075945327718926,470829000.0,59.63652056439508,13.32182633636125,0.3902776080396341,15135978113.608553,142.29154121448633,22.957335807047308
NICE,2023-12-31,623192000,422314000,136199000,81119000,286115000,81652000,117941000,159153000,41212000,2.36,2.26,0.1,4.4248,5117634000,1763134000,513314000,222976000.0,457081000.0,3341132000,2262898000.0,65748999,585154000,,66036000,168225000,19947000,,-69026000,81652000,3.633194976585785,13.102222108114352,4.424778761061951,188172000,0.5277055800249736,680057000.0,2.3021042623421355,13.016694694411996,0.8453681477489835,11715488144.25,143.48072483527653,18.799163250250324
NICE,2023-09-30,601344000,410358000,113626000,84848000,296732000,92353000,113626000,155895000,42269000,2.27,2.15,0.12,5.5814,4895991000,1664295000,713090000,193700000.0,456652000.0,3218880000,2262898000.0,66223000,537951000,93505000.0,56998000,120610000,17986000,43000.0,-89506000,92353000,3.481422718128835,15.357765272456364,5.581395348837215,138596000,0.5170416418133015,650352000.0,3.6814145585957667,14.10972754363559,0.969172631100235,12027283932.820724,130.2316539021009,20.000671716722415
NICE,2023-06-30,581113000,391400000,105429000,78640000,285971000,87355000,105429000,147462000,42033000,2.13,2.06,0.07,3.3981,4929338000,1734536000,598079000,233338000.0,456223000.0,3182461000,,66435000,513881000,133517000.0,45269000,65254000,19004000,764999.0,-65196000,87355000,1.618053369705863,15.032360315463603,3.3980582524271767,84258000,0.5450297741276326,689561000.0,2.5631444513966866,13.53265199711588,0.7463339247896514,12715086466.55658,145.55648178760896,21.88057480482553
NICE,2023-03-31,571860000,385264000,93507000,78102000,291757000,76942000,93507000,135353000,41846000,2.03,1.98,0.05,2.5253,4993322000,1863806000,630661000,261327000.0,455800000.0,3117584000,,66662000,503751000,160474000.0,54902000,195071000,27242000,,-64715000,76942000,0.5804136766568213,13.454691707760642,2.525252525252516,222313000,0.5978366581301418,717127000.0,2.4133021080868033,13.657538558388415,0.8410880923292869,12807081001.08026,166.45110604195705,22.395483162103066
NICE,2022-12-31,568560000,387580000,87824000,81964000,299756000,71186000,87872000,135341000,47469000,2.04,1.93,0.11,5.6995,4856181000,1800758000,529596000,222817000.0,455382000.0,3042085000,1926398000.0,66285000,519386000,122323000.0,56019000,176706000,23767000,529000.0,-24543000,71186000,2.4942133385251086,12.520402420149148,5.699481865284979,200473000,0.5919486141905963,678199000.0,2.3768204400920934,14.416068664696777,0.3447728485938246,11872929675.320724,166.7874255516636,20.88245686527495
NICE,2022-09-30,554724000,383942000,90295000,74048000,293647000,71246000,90295000,132889000,42594000,1.92,1.87,0.05,2.6738,4623168000,1695168000,423032000,219474000.0,454954000.0,2915076000,1926398000.0,66446000,469230000,122323000.0,37373000,94267000,19494000,150999.0,-22489000,71246000,4.550294865439963,12.843504157022231,2.6737967914438405,113761000,0.5815176002272325,674428000.0,1.9274811594995307,13.34862021473742,0.31565280857872724,13173826867.63684,184.9061963848755,23.748435019283175
NICE,2022-06-30,530581000,365657000,84690000,73482000,280967000,65572000,84690000,126892000,42202000,1.86,1.79,0.07,3.9106,4622763000,1752245000,382219000,224221000.0,454528000.0,2857895000,,66274000,459743000,1.0,60436000,16031000,18374000,,-34070000,65572000,0.5976159824355509,12.358527727151932,3.9106145251396685,34405000,0.6131243450161745,678749000.0,1.7046529986040557,13.849346282659953,0.5195815287012749,12269311295.52829,187.11204928213704,23.124294491375096
NICE,2022-03-31,527429000,360427000,72364000,76578000,288063000,57941000,72364000,116645000,44281000,1.8,1.71,0.09,5.2632,4660629000,1825915000,471715000,260218000.0,454106000.0,2821750000,1653963000.0,66853000,416716000,1.0,45197000,192711000,20255000,,-63842000,57941000,2.3194231317644087,10.98555445377482,5.263157894736847,212966000,0.6470860281740055,714324000.0,1.8127685248522394,14.519110629108372,1.1018449802385184,13969060303.75,241.09111516456394,26.485195739616138
NICE,2021-12-31,515473000,350228000,65067000,75332000,285161000,55145000,68188000,115538000,47350000,1.73,1.71,0.02,1.1696,4663017000,1825058000,378656000,415460000.0,429267000.0,2825085000,1653963000.0,67245000,395583000,427097000.0,36121000,112658000,14111000,,-24272000,51161000,5.111907733215881,10.69794150227073,1.1695906432748548,126769000,0.6460187923549203,844727000.0,0.9114138545226977,14.614150498668213,0.4401486988847584,18027343120.25461,326.90802648027216,34.97242943908722
NICE,2021-09-30,490404000,329561000,64169000,74482000,265392000,50653000,64169000,110076000,45907000,1.68,1.58,0.1,6.3291,4373416000,1602080000,397696000,200442000.0,427271000.0,2747802000,1653963000.0,67101000,355136000,427097000.0,27053000,103478000,18865000,,-4346000,47228000,7.5374261837462875,10.32883092307567,6.329113924050624,122343000,0.5830405538681462,627713000.0,1.9840951497191208,15.187885906313978,0.08579945906461611,17537113847.69803,346.2206354549193,35.76054405693679
NICE,2021-06-30,456031000,305524000,63978000,62218000,241546000,45197000,63978000,109889000,45911000,1.57,1.51,0.06,3.9735,4304333000,1608815000,343452000,209238000.0,425284000.0,2672128000,,66512000,331493000,1.0,40850000,81440000,21790000,,-340000,44402000,0.22196777731138262,9.910949036359371,3.973509933774838,103230000,0.6020725803554321,634522000.0,1.641441803114157,13.643370735761383,0.007522623182954621,14893950750.900986,329.5340564838592,32.65995239556299
NICE,2021-03-31,455021000,307159000,66473000,59155000,240686000,52211000,66473000,111397000,44924000,1.54,1.49,0.05,3.3557,4322034000,1703748000,451128000,282575000.0,423306000.0,2593715000,,66723000,322658000,,45193000,164239000,12445000,,-44222000,52211000,4.703380957750114,11.474415466538906,3.35570469798658,176684000,0.6568755626581949,705881000.0,1.5964894275855968,13.00049887807376,0.8469862672616881,14172190092.094406,271.4406943382507,31.146233013628834
NICE,2020-12-31,434581000,288526000,65123000,56163000,223403000,54923000,65123000,112016000,46893000,1.61,1.56,0.05,3.2051,4232917000,1644433000,442267000,282293000.0,421337000.0,2563910000,1454388000.0,66600000,308929000,168300000.0,33132000,166870000,12841000,,-20671000,54974000,6.04010960722452,12.638150310298885,3.2051282051282075,179711000,0.6413770374155099,703630000.0,1.5666948879355846,12.92348261889038,0.37636327221746807,15047687930.52829,273.97789506269305,34.6257381950161
NICE,2020-09-30,409827000,269748000,61958000,55482000,207790000,50765000,61958000,107440000,45482000,1.41,1.39,0.02,1.4388,4271416000,1768339000,753116000,279578000.0,633584000.0,2478555000,1454388000.0,66253000,294176000,168300000.0,33685000,99033000,13788000,,-20671000,50653000,4.233938654051572,12.386933998980057,1.4388489208633108,112821000,0.7134556223283325,913162000.0,2.693759880963452,13.537907458512983,0.40718999310548604,14017218756.72171,276.11974306553157,34.20277033168071
NICE,2020-06-30,393180000,257447000,56138000,53756000,201309000,44787000,56138000,101739000,45601000,1.37,1.32,0.05,3.7879,3761908000,1358664000,344098000,276738000.0,213998000.0,2378525000,1348700000.0,65633000,301951000,1.0,27731000,59581000,17735000,,-3531000,44605000,-4.202442328496103,11.390965969784832,3.7878787878787907,77316000,0.5712212400542352,490736000.0,1.2434071215373386,13.672109466402157,0.07883984191841382,11492600558.735855,256.6057239541799,29.229870692140636
NICE,2020-03-31,410428000,270343000,58828000,52781000,211515000,46198000,58828000,102878000,44050000,1.34,1.32,0.02,1.5152,3715896000,1405191000,289112000,274816000.0,213542000.0,2285804000,1348700000.0,65335000,315786000,1.0,40979000,154822000,18920000,,-24070000,46114000,-4.597775959535855,11.256054655140488,1.5151515151515165,173742000,0.6147469336828529,488358000.0,1.0520202608290639,12.859990059157758,0.521018225897225,10115143315.542437,218.95197444786433,24.645353912360843
NICE,2019-12-31,430208000,292926000,77592000,52165000,215334000,61743000,77592000,122078000,44486000,1.58,1.53,0.05,3.268,3609905000,1352639000,228323000,273102000.0,213313000.0,2257266000,1257715000.0,65161000,326570000,3389000.0,30376000,91449000,14506000,,-24664000,61743000,11.376963364339844,14.351894897351977,3.2679738562091534,105955000,0.5992377504467794,486415000.0,0.8360356203909162,12.12552997619756,0.39946228722284305,9579224843.608553,155.14673474901693,22.26649630785237
NICE,2019-09-30,386263000,253592000,55705000,48531000,197887000,45039000,55705000,99629000,43924000,1.3,1.28,0.02,1.5625,3517768000,1331458000,220839000,19022000.0,462588000.0,2186310000,1257715000.0,65066000,259985000,3389000.0,22569000,82321000,15094000,,-7897000,45039000,1.5375354219350434,11.660190077744955,1.5625000000000013,97415000,0.6089978090938614,481610000.0,11.609662496057197,12.564237320167864,0.175336930216035,9429192957.52829,209.35617925638425,24.411328440798858
NICE,2019-06-30,380414000,249649000,53491000,46456000,196158000,42058000,53491000,96503000,43012000,1.25,1.22,0.03,2.459,3491124000,1360615000,236311000,17348000.0,460291000.0,2130509000,,64650000,268993000,1.0,30862000,17976000,15463000,,-4615000,42058000,0.8983441504189393,11.055849679559637,2.4590163934426252,33439000,0.6386337724928643,477639000.0,13.621800783952041,12.211958550421382,0.10972942127538161,8511711213.264145,202.3803132166091,22.37486321025027
NICE,2019-03-31,377027000,245977000,51929000,46566000,194048000,37064000,51929000,93737000,41808000,1.18,1.11,0.07,6.3063,3207366000,1190753000,242099000,358288000.0,458211000.0,2016613000,1071811000.0,63760000,287963000,3434000.0,29617000,182412000,16910000,,-10100000,37064000,-8.22775412641269,9.830595686781054,6.306306306306292,199322000,0.590471746438211,816499000.0,0.675710601527263,12.350839595042265,0.2725016188214979,7266381176.80658,196.04956768850042,19.272840345138622
NICE,2018-12-31,410829000,274674000,70407000,46807000,204267000,62294000,70407000,113266000,42859000,1.47,1.42,0.05,3.5211,3207366000,1190753000,242099000,358288000.0,455985000.0,2016613000,1071811000.0,63760000,287963000,3434000.0,29617000,108903000,19220000,,-15391000,62294000,15.334665895577281,15.16299969086895,3.521126760563384,128123000,0.590471746438211,814273000.0,0.675710601527263,11.39330475696701,0.24707034385334062,6681069625.103783,107.25061201887473,16.262409968877034
NICE,2018-09-30,356206000,232747000,46653000,47701000,186094000,39283000,46653000,86079000,39426000,1.12,1.07,0.05,4.6729,3094708000,1143801000,276170000,,453887000.0,1950907000,1071811000.0,63660000,219818000,3434000.0,23698000,87036000,15407000,,-15391000,39283000,4.141011922512439,11.028169093165191,4.672897196261686,102443000,0.5862919144787527,453887000.0,,13.39140834236369,0.3917979787694423,7067572817.77829,179.91428398488634,19.841251460610685
NICE,2018-06-30,342042000,223356000,46379000,43455000,176977000,34235000,46379000,83299000,36920000,1.06,1.02,0.04,3.9216,3004850000,1121596000,364816000,451736000.0,451736000.0,1883254000,,63031000,209667000,1.0,31729000,63813000,15920000,,-6361000,34235000,1.9675532580893274,10.009004742107694,3.921568627450984,79733000,0.5955627865386188,903472000.0,0.8075867320736005,12.704580139281141,0.18580400175259237,6406936313.047203,187.14579561989785,18.73143155825075
NICE,2018-03-31,335442000,216927000,34177000,45867000,182750000,23526000,34177000,72114000,37937000,1.03,1.01,0.02,1.9802,3026506000,1173282000,334461000,449724000.0,449724000.0,1853224000,,62776000,232495000,1.0,23964000,136857000,13120000,,-4252000,23526000,-14.47932999349879,7.013433022698409,1.980198019801982,149977000,0.6331031758708068,899448000.0,0.7437028043866905,13.673600801330782,0.18073620674997876,5799398181.632072,246.51016669353365,17.288825435193186
NICE,2017-12-31,392235000,268274000,63176000,50132000,205098000,79388000,63176000,104168000,40992000,1.35,1.32,0.03,2.2727,2845086000,1095525000,328302000,309161000.0,447642000.0,1749561000,850772000.0,62534000,261018000,9013000.0,29438000,86588000,15357000,9637000.0,-4114000,79388000,21.52716456755124,20.2399071984907,2.2727272727272747,101945000,0.6261713652739173,756803000.0,1.061912725084988,12.781113363162389,0.051821433969869504,5403016561.424507,68.05835342148066,13.774947573328507
NICE,2017-09-30,322755000,207381000,33120000,45135000,174261000,26173000,33120000,72273000,39153000,0.95,0.93,0.02,2.1505,2775952000,1120608000,320929000,275921000.0,445574000.0,1655344000,850772000.0,62220000,195346000,9013000.0,27163000,105824000,15629000,9637000.0,-4267000,26173000,3.59985876612956,8.109246952022433,2.150537634408592,121453000,0.6769638214171797,721495000.0,1.163119153670797,13.984291490449413,0.16303060405761663,4829436084.02829,184.5197754949104,14.963164270199655
NICE,2017-06-30,311540000,197936000,25834000,42886000,172102000,20441000,25834000,62847000,37013000,0.9,0.87,0.03,3.4483,2707781000,1095416000,304622000,243813000.0,443516000.0,1612365000,,61962000,200963000,1.0,18750000,68661000,19488000,9637000.0,-7618000,20441000,1.9363789256009012,6.561276240611158,3.448275862068969,88149000,0.6793846306512483,687329000.0,1.2494083580448951,13.765808563908328,0.3726823540922655,4810296306.834869,235.3258796944802,15.440381032403124
NICE,2017-03-31,305622000,189888000,27941000,42954000,161947000,17289000,27941000,67084000,39143000,0.89,0.84,0.05,5.9524,2670433000,1099275000,266751000,21164000.0,441504000.0,1571158000,710910000.0,61751000,205683000,4716000.0,25548000,132745000,17352000,9637000.0,-8429000,17289000,-5.6314456864077105,5.65698804405442,5.952380952380958,150097000,0.6996591049404325,462668000.0,12.603997353997354,14.054616487033,0.48753542715021114,4204149191.4182663,243.16902026827847,13.756042403420782
NICE,2016-12-31,323860000,221098000,37116000,40882000,183982000,26101000,37116000,64585000,27469000,1.18,1.17,0.01,0.8547,2631876000,1120544000,157026000,21164000.0,444016000.0,1511332000,710910000.0,61349000,284457000,4716000.0,25634000,37696000,13409000,9598000.0,-8613000,33259000,36.54205331658142,8.059346631260421,0.8547008547008554,51105000,0.7414280912466619,465180000.0,7.419485919485919,12.623355771012164,0.32998735680625263,4084673494.2281113,156.49490418865605,12.612466788822674
NICE,2016-09-30,237187000,159123000,36028000,33606000,123095000,30299000,36028000,52960000,16932000,0.83,0.81,0.02,2.4691,1935317000,454823000,666125000,21164000.0,444000000.0,1480494000,694407000.0,61119000,149200000,4716000.0,18928000,41421000,8973000,9568000.0,-2924000,32289000,3.789032416159066,12.774308878648494,2.469135802469124,50394000,0.307210296022814,465164000.0,31.474437724437724,14.168567417269918,0.09650483514307402,4195167175.481957,138.45893182883782,17.687171621893093
NICE,2016-06-30,228528000,146090000,23537000,34519000,122553000,25380000,23537000,44021000,20484000,0.79,0.75,0.04,5.3333,1904622000,453556000,301007000,200824000.0,444000000.0,1451066000,694407000.0,60817000,195689000,1.0,19337000,30253000,5781000,9519000.0,-9420000,25380000,1.1333513300614717,11.105860113421551,5.3333333333333375,36034000,0.31256745041231754,644824000.0,1.4988596980440585,15.10493243716306,0.37115839243498816,3913538015.9534607,154.19771536459655,17.12498256648402
NICE,2016-03-31,225967000,151498000,37495000,32521000,114003000,35140000,37495000,50411000,12916000,0.81,0.74,0.07,9.4595,1928375000,491048000,269713000,219087000.0,,1437327000,,60851000,149035000,1.0,14976000,112819000,8138000,9517000.0,-22673000,35140000,-17.39704194357321,15.550943279328397,9.459459459459469,120957000,0.34163972429377587,219087000.0,1.2310771519989776,14.39192448454863,0.6452191235059761,3692001171.507984,105.06548581411452,16.338674105103774
NICE,2015-12-31,273558000,191517000,63730000,35566000,127787000,57393000,63330000,76624000,13294000,1.09,1.03,0.06,5.8252,1849613000,434464000,325931000,223041000.0,444000000.0,1415149000,632192000.0,61092000,177323000,6198000.0,11719000,53752000,6307000,9559000.0,-20000000,58487000,23.734310333129784,20.980194328076678,5.825242718446607,60059000,0.30700936791814853,667041000.0,1.4613053205464466,13.001264814043093,0.348474552645793,3739744392.3081055,65.160287705959,13.670754985444058
NICE,2015-09-30,221085000,146506000,37802000,32361000,108704000,142944000,37802000,52141000,14339000,0.75,0.68,0.07,10.2941,1825329000,446690000,332730000,204633000.0,,1378639000,632192000.0,61418000,136789000,7633000.0,11732000,49502000,3501000,9566000.0,-30000000,-5484000,-5.813463070493463,64.65567541895652,10.294117647058815,53003000,0.32400795277081235,204633000.0,1.6259840788142674,14.637356672772917,0.20987239758226997,3736178294.5712776,26.13735654921702,16.89928441355713
NICE,2015-06-30,234731000,153748000,35288000,33197000,118460000,29257000,35288000,50543000,15255000,0.7,0.66,0.04,6.0606,1741126000,471042000,236292000,194047000.0,,1270084000,,61408000,143964000,11614000.0,16609000,57016000,4953000,9528000.0,-12096000,29257000,-4.576627410168744,12.464054598668262,6.060606060606049,61969000,0.3708746823044775,194047000.0,1.217704988997511,14.142571709744345,0.4134395187476501,3796172630.877563,129.7526277772008,16.172438369357106
NICE,2015-03-31,245989000,158925000,34365000,36931000,124560000,29237000,34365000,49441000,15076000,0.72,0.69,0.03,4.3478,1678199000,445908000,222491000,215146000.0,,1232291000,411600000.0,61203000,142235000,14895000.0,12858000,104134000,3219000,9586000.0,-6288000,29237000,,11.885490814629922,4.347826086956526,107353000,0.3618528415771924,215146000.0,1.0341396075223337,15.013272951229526,0.21506994561685536,3523623937.113922,120.51933977883921,14.324315059266562
