ticker,fiscalDateEnding,totalRevenue,grossProfit,operatingIncome,researchAndDevelopment,operatingExpenses,netIncome,ebit,ebitda,depreciationAndAmortization,reportedEPS,estimatedEPS,surprise,surprisePercentage,totalAssets,totalLiabilities,cashAndCashEquivalentsAtCarryingValue,shortTermDebt,longTermDebt,totalShareholderEquity,retainedEarnings,commonStockSharesOutstanding,currentNetReceivables,inventory,currentAccountsPayable,operatingCashflow,capitalExpenditures,dividendPayout,proceedsFromRepurchaseOfEquity,cashflowNetIncome,revenueGrowthPct,netIncomeMarginPct,epsSurprisePct,freeCashFlow,debtToEquityRatio,totalDebt,cashRatio,rdIntensityPct,buybackRatio,marketCap,peRatio,psRatio
NOC,2025-06-30,10351000000,2210000000,1194000000,,1016000000,1174000000,1600000000,1950000000,350000000,8.15,6.8,1.35,19.8529,49451000000,33980000000,1899000000,551000000,15160000000,15471000000,15452000000,144000000,9329000000,1553000000,2592000000,868000000,231000000,332000000,-411000000,1174000000,9.326151246303338,11.34189933339774,19.852941176470594,1099000000,2.1963673970654773,15711000000,3.4464609800362975,,0.35008517887563884,69055175412.53748,58.820421986829196,6.671353049225917
NOC,2025-03-31,9468000000,1580000000,573000000,,1007000000,481000000,734000000,1071000000,337000000,3.32,6.26,-2.94,-46.9649,48468000000,33484000000,1685000000,605000000,14167000000,14984000000,14982000000,144900000,8662000000,1578000000,2501000000,-1565000000,256000000,302000000,-480000000,481000000,-11.398090960134756,5.080270384452894,-46.96485623003195,-1309000000,2.234650293646556,14772000000,2.7851239669421486,,0.997920997920998,68855895533.47583,143.1515499656462,7.2724857977900115
NOC,2024-12-31,10686000000,1932000000,1089000000,1100000000.0,843000000,1264000000,1711000000,2125000000,414000000,8.66,6.37,2.29,35.9498,49359000000,34069000000,4353000000,1906000000,14692000000,15290000000,15297000000,147300000,7180000000,1455000000,2599000000,2578000000,816000000,299000000,-441000000,1264000000,6.902761104441768,11.828560733670223,35.949764521193096,3394000000,2.2281883584041857,16598000000,2.2838405036726126,10.293842410630733,0.34889240506329117,68901112131.91748,54.51037352208662,6.447792638210507
NOC,2024-09-30,9996000000,2106000000,1120000000,,986000000,1026000000,1349000000,1680000000,331000000,7.0,6.07,0.93,15.3213,48289000000,33541000000,3326000000,1589000000,14689000000,14748000000,14738000000,146500000,8127000000,1646000000,2518000000,1091000000,361000000,301000000,-321000000,1026000000,-2.172636523781557,10.264105642256903,15.321252059308065,1452000000,2.274274477895308,16278000000,2.093140339836375,,0.3128654970760234,73333640919.35535,71.47528354712996,7.336298611380086
NOC,2024-06-30,10218000000,2191000000,1090000000,,1101000000,940000000,1257000000,1583000000,326000000,6.36,5.93,0.43,7.2513,47670000000,33369000000,3272000000,1590000000,14706000000,14301000000,14301000000,147700000,8128000000,1504000000,2352000000,1425000000,320000000,303000000,-562000000,940000000,0.838843383006016,9.199451947543551,7.2512647554806176,1745000000,2.3333333333333335,16296000000,2.0578616352201258,,0.597872340425532,62901807234.4068,66.91681620681574,6.155980351772049
NOC,2024-03-31,10133000000,2133000000,1071000000,,1062000000,944000000,1239000000,1538000000,299000000,6.32,5.79,0.53,9.1537,47818000000,33595000000,3061000000,1582000000,14742000000,14223000000,14218000000,149300000,8282000000,1370000000,2580000000,-706000000,270000000,283000000,-1190000000,944000000,-4.747132919721753,9.316095924208033,9.153713298791024,-436000000,2.362019264571469,16324000000,1.9348925410872313,,1.2605932203389831,64068904969.30945,67.86960272172611,6.3227972929349106
NOC,2023-12-31,10638000000,485000000,-393000000,1200000000.0,878000000,-535000000,-629000000,-229000000,400000000,6.27,5.8,0.47,8.1034,46544000000,31749000000,3109000000,370000000,13786000000,14795000000,14773000000,151100000,7147000000,1109000000,2110000000,2430000000,803000000,282000000,-346000000,-535000000,8.82864450127878,-5.029140815942847,8.103448275862064,3233000000,2.1459276782696857,14156000000,8.402702702702703,11.280315848843768,-0.6467289719626168,65255740177.652466,-121.97334612645321,6.134211334616701
NOC,2023-09-30,9775000000,2041000000,1016000000,,1025000000,937000000,1259000000,1576000000,317000000,6.18,5.8,0.38,6.5517,44896000000,28968000000,2082000000,1927000000,13793000000,15928000000,15924000000,151700000,8034000000,1355000000,2260000000,1228000000,359000000,280000000,-223000000,937000000,2.078111946533001,9.585677749360613,6.551724137931032,1587000000,1.8186840783525866,15720000000,1.0804359107420862,,0.23799359658484526,60931468176.68463,65.02824778728349,6.233398278944719
NOC,2023-06-30,9576000000,2040000000,967000000,,1073000000,812000000,1134000000,1457000000,323000000,5.34,5.32,0.02,0.3759,45609000000,30123000000,3384000000,1878000000,13796000000,15486000000,15485000000,152200000,7966000000,1287000000,2056000000,919000000,304000000,284000000,-208000000,812000000,2.9566713256639066,8.47953216374269,0.3759398496240521,1223000000,1.9451762882603643,15674000000,1.8019169329073483,,0.2561576354679803,62819230574.43866,77.36358445127914,6.560070026570453
NOC,2023-03-31,9301000000,1985000000,947000000,,1038000000,842000000,1127000000,1425000000,298000000,5.5,5.09,0.41,8.055,44244000000,29108000000,2495000000,1082000000,13770000000,15136000000,15135000000,153200000,8276000000,1115000000,2136000000,-702000000,309000000,270000000,-723000000,842000000,-7.2959234526064005,9.052790022578218,8.055009823182715,-393000000,1.9230972515856237,14852000000,2.3059149722735675,,0.8586698337292161,63360636855.52832,75.25016253625691,6.812239206056158
NOC,2022-12-31,10033000000,1824000000,906000000,1200000000.0,918000000,2080000000,2514000000,2896000000,382000000,7.5,6.57,0.93,14.1553,43755000000,28443000000,2577000000,1371000000,11805000000,15312000000,15312000000,154500000,7494000000,978000000,2587000000,2251000000,632000000,266000000,-493000000,2080000000,11.83814513432171,20.731585766969,14.155251141552508,2883000000,1.8575626959247649,13176000000,1.8796498905908097,11.960530250174424,0.23701923076923076,74600666987.24622,35.86570528232991,7.435529451534557
NOC,2022-09-30,8971000000,1818000000,844000000,,974000000,915000000,1220000000,1547000000,327000000,5.89,6.11,-0.22,-3.6007,42733000000,28790000000,1666000000,1069000000,11803000000,13943000000,13955000000,155300000,8366000000,989000000,2335000000,1335000000,296000000,267000000,-371000000,915000000,1.9315986819679498,10.1995318247687,-3.600654664484462,1631000000,2.064835401276626,12872000000,1.558465855940131,,0.4054644808743169,64910716732.25696,70.94067402432455,7.235616623816404
NOC,2022-06-30,8801000000,1959000000,954000000,,1005000000,946000000,1331000000,1661000000,330000000,6.06,6.1,-0.04,-0.6557,41914000000,28263000000,1169000000,14000000,12834000000,13651000000,13655000000,156000000,8598000000,909000000,2098000000,-197000000,263000000,268000000,-322000000,946000000,0.04547004660679921,10.748778547892284,-0.6557377049180334,66000000,2.0703977730569187,12848000000,83.5,,0.3403805496828753,63314799774.19348,66.92896382050051,7.1940461054645475
NOC,2022-03-31,8797000000,1873000000,897000000,,976000000,955000000,1277000000,1580000000,303000000,6.1,5.98,0.12,2.0067,41903000000,28616000000,2174000000,7000000,12825000000,13287000000,13277000000,156600000,7831000000,838000000,2050000000,-488000000,244000000,251000000,-318000000,955000000,1.8289153837249605,10.855973627372968,2.006688963210689,-244000000,2.1536840520809815,12832000000,310.57142857142856,,0.33298429319371725,59582612650.05615,62.390170314194926,6.77306043538208
NOC,2021-12-31,8639000000,1551000000,742000000,,809000000,2710000000,3478000000,3809000000,331000000,6.0,5.96,0.04,0.6711,42579000000,29653000000,3530000000,290000000,12777000000,12926000000,12913000000,160400000,6959000000,811000000,2197000000,1442000000,733000000,246000000,-981000000,2710000000,-0.9288990825688126,31.369371455029516,0.671140939597316,2175000000,2.2940584867708496,13067000000,12.172413793103448,,0.36199261992619924,47929681740.1062,17.68622942439343,5.548059004526705
NOC,2021-09-30,8720000000,1934000000,1043000000,,891000000,1063000000,1407000000,1721000000,314000000,6.63,5.98,0.65,10.8696,42346000000,30929000000,4055000000,6000000,12774000000,11417000000,11398000000,160400000,7264000000,872000000,2184000000,1163000000,247000000,251000000,-581000000,1063000000,-4.709867774013765,12.190366972477063,10.869565217391294,1410000000,2.709030393273189,12780000000,675.8333333333334,,0.5465663217309501,48499385536.80353,45.62500991232693,5.561856139541689
NOC,2021-06-30,9151000000,2043000000,1044000000,,999000000,1037000000,1438000000,1738000000,300000000,6.42,5.85,0.57,9.7436,42142000000,30970000000,3941000000,6000000,12764000000,11172000000,11144000000,161500000,7328000000,863000000,2001000000,1028000000,230000000,248000000,-143000000,1037000000,-0.06552364311456227,11.332094853021529,9.74358974358975,1258000000,2.772108843537415,12770000000,656.8333333333334,,0.13789778206364514,48554162815.31769,46.8217577775484,5.305886003203769
NOC,2021-03-31,9157000000,1740000000,2822000000,,-1082000000,2195000000,1209000000,1503000000,294000000,6.57,5.48,1.09,19.8905,41423000000,30898000000,3517000000,42000000,12764000000,10525000000,10487000000,163500000,7229000000,860000000,1895000000,-66000000,205000000,238000000,-2000000000,2195000000,-10.330983157070117,23.970732772742164,19.890510948905103,139000000,2.9356769596199523,12806000000,83.73809523809524,,0.9111617312072893,38614214759.145386,17.591897384576484,4.2169067117118475
NOC,2020-12-31,10212000000,2090000000,1152000000,1100000000.0,3413000,330000000,465000000,810000000,345000000,6.59,5.71,0.88,15.4116,44469000000,33890000000,4907000000,1005000000,14261000000,10579000000,10482000000,166800000,6641000000,759000000,1806000000,1602000000,592000000,242000000,490000000,330000000,12.429813938126166,3.231492361927144,15.41155866900175,2194000000,3.2035164004159182,15266000000,4.882587064676617,10.771641206423816,-1.4848484848484849,39831776979.49475,120.70235448331742,3.900487365794629
NOC,2020-09-30,9083000000,1840000000,985000000,,855000000,986000000,1321000000,1638000000,317000000,5.89,5.6,0.29,5.1786,44772000000,34305000000,4995000000,1806000000,14260000000,10467000000,10394000000,167300000,7681000000,853000000,2197000000,1359000000,287000000,242000000,-2000000,986000000,2.2399819900945417,10.855444236485742,5.17857142857143,1646000000,3.2774433935224994,16066000000,2.76578073089701,,0.002028397565922921,42651806185.06879,43.257409924004854,4.695784012448397
NOC,2020-06-30,8884000000,1826000000,994000000,,832000000,1005000000,1357000000,1665000000,308000000,6.01,5.28,0.73,13.8258,43475000000,33763000000,4178000000,1803000000,14259000000,9712000000,9652000000,167300000,7449000000,832000000,2006000000,2337000000,269000000,242000000,-146000000,1005000000,3.0626450116009174,11.312471859522738,13.825757575757565,2606000000,3.4764209225700164,16062000000,2.317249029395452,,0.14527363184079603,43210992359.766785,42.99601229827541,4.863911791959341
NOC,2020-03-31,8620000000,1722000000,934000000,,788000000,868000000,1178000000,1475000000,297000000,5.15,5.49,-0.34,-6.1931,43203000000,34141000000,3278000000,1790000000,14299000000,9062000000,9011000000,168400000,8054000000,785000000,2071000000,-993000000,272000000,227000000,-344000000,868000000,-1.1581240683407823,10.069605568445477,-6.193078324225863,-721000000,3.7674906201721474,16089000000,1.8312849162011173,,0.39631336405529954,42815701060.82733,49.32684454012365,4.967018684550735
NOC,2019-12-31,8721000000,2106000000,1136000000,953000000.0,970000000,-409000000,-439000000,-98000000,341000000,5.61,4.77,0.84,17.6101,41089000000,32270000000,2245000000,1865000000,12770000000,8819000000,8748000000,167700000,6660000000,783000000,2226000000,2464000000,471000000,222000000,-300000000,-409000000,2.9026548672566266,-4.689829148033482,17.61006289308178,2935000000,3.6591450277809274,14635000000,1.2037533512064342,10.927645912166035,-0.7334963325183375,45629909962.079346,-111.56457203442383,5.23218781814922
NOC,2019-09-30,8475000000,1727000000,951000000,,776000000,933000000,1178000000,1436000000,258000000,5.49,4.76,0.73,15.3361,40553000000,30822000000,1127000000,1744000000,13826000000,9731000000,9649000000,169900000,7888000000,810000000,2021000000,1139000000,257000000,223000000,-213000000,933000000,0.22469252601702294,11.008849557522124,15.336134453781522,1396000000,3.1674031445894566,15570000000,0.6462155963302753,,0.2282958199356913,47547346298.76044,50.96178595794259,5.610306347936334
NOC,2019-06-30,8456000000,1730000000,946000000,,784000000,861000000,1165000000,1410000000,245000000,5.06,4.65,0.41,8.8172,39584000000,30370000000,1088000000,1528000000,13838000000,9214000000,9120000000,170300000,7489000000,810000000,1962000000,1607000000,252000000,224000000,-171000000,861000000,3.2604713640249194,10.182119205298013,8.817204301075252,1859000000,3.2960711960060776,15366000000,0.7120418848167539,,0.1986062717770035,39028199197.6416,45.32891892873589,4.615444559796783
NOC,2019-03-31,8189000000,1696000000,936000000,,760000000,863000000,1172000000,1406000000,234000000,5.06,4.6,0.46,10.0,39751000000,31012000000,755000000,1404000000,13863000000,8739000000,8628000000,170700000,7951000000,778000000,1932000000,-913000000,284000000,211000000,-60000000,863000000,0.4046101029916649,10.538527292709734,10.0,-629000000,3.548689781439524,15267000000,0.5377492877492878,,0.06952491309385864,35315198977.61688,40.921435663518984,4.3125166659686025
NOC,2018-12-31,8156000000,1669000000,925000000,764000000.0,773000000,657000000,927000000,1193000000,266000000,3.81,4.45,-0.64,-14.382,37653000000,29466000000,1579000000,1676000000,13883000000,8187000000,8068000000,170000000,6474000000,654000000,2182000000,2377000000,463000000,205000000,-1054000000,657000000,0.8781694495980208,8.055419323197647,-14.382022471910114,2840000000,3.599120556980579,15559000000,0.9421241050119332,9.367336929867582,1.604261796042618,33153561111.28665,50.46204126527649,4.064929022963052
NOC,2018-09-30,8085000000,1995000000,1178000000,0.0,817000000,1144000000,1442000000,1695000000,253000000,6.54,4.36,2.18,50.0,37943000000,28840000000,1228000000,1645000000,13889000000,9103000000,14464000000,174900000,7302000000,719000000,1939000000,812000000,282000000,209000000,-168000000,1144000000,13.569321533923295,14.14965986394558,49.999999999999986,1094000000,3.1681863122047678,15534000000,0.7465045592705167,0.0,0.14685314685314685,38179693210.8042,33.37385770175192,4.722287348275102
NOC,2018-06-30,7119000000,1562000000,823000000,0.0,739000000,689000000,1075000000,1234000000,159000000,3.93,3.85,0.08,2.0779,37378000000,29151000000,1539000000,1451000000,14387000000,8227000000,13669000000,175400000,7087000000,690000000,1824000000,875000000,199000000,209000000,-41000000,689000000,5.701559020044544,9.678325607529148,2.0779220779220795,1074000000,3.5433329281633643,15838000000,1.0606478290833907,0.0,0.059506531204644414,40767766684.67389,59.16947269183438,5.726614227373773
NOC,2018-03-31,6735000000,1565000000,854000000,0.0,711000000,739000000,1102000000,1224000000,122000000,4.21,3.58,0.63,17.5978,34795000000,27115000000,10369000000,1204000000,14392000000,7680000000,13205000000,175400000,5110000000,435000000,1395000000,-237000000,305000000,198000000,-79000000,739000000,1.5224600542659061,10.97253155159614,17.597765363128488,68000000,3.5305989583333335,15596000000,8.612126245847175,0.0,0.10690121786197564,44052690513.17047,59.61121855638765,6.540859764390567
NOC,2017-12-31,6634000000,1413000000,767000000,639000000.0,649000000,178000000,820000000,973000000,153000000,2.82,2.73,0.09,3.2967,34917000000,27869000000,11225000000,1382000000,14399000000,7048000000,11548000000,174300000,3976000000,780000000,1661000000,1607000000,278000000,174000000,-1154000000,178000000,1.6393442622950838,2.6831474223696112,3.296703296703291,1885000000,3.954171396140749,15781000000,8.122286541244573,9.632197769068435,6.48314606741573,38600568505.09308,216.8571264331072,5.818596398114724
NOC,2017-09-30,6527000000,1511000000,845000000,0.0,679000000,645000000,858000000,969000000,111000000,3.68,2.92,0.76,26.0274,26513000000,20020000000,1878000000,1309000000,6227000000,6493000000,11546000000,175300000,4414000000,1007000000,1507000000,938000000,217000000,174000000,-26000000,645000000,2.3843137254901947,9.88202849701241,26.027397260273982,1155000000,3.083320498998922,7536000000,1.4346829640947287,0.0,0.040310077519379844,34109851968.027435,52.88349142329835,5.225961692665456
NOC,2017-06-30,6375000000,1521000000,855000000,0.0,686000000,552000000,883000000,990000000,107000000,3.15,2.85,0.3,10.5263,25813000000,19894000000,1383000000,1213000000,6219000000,5919000000,11087000000,175500000,4280000000,1039000000,1385000000,507000000,217000000,175000000,-138000000,552000000,1.7233125897558654,8.658823529411764,10.526315789473678,724000000,3.361040716337219,7432000000,1.1401483924154987,0.0,0.25,32043493182.58435,58.04980649018904,5.0264303031504864
NOC,2017-03-31,6267000000,1509000000,832000000,0.0,698000000,640000000,844000000,948000000,104000000,3.63,2.92,0.71,24.3151,25413000000,19855000000,1403000000,1141000000,7060000000,5558000000,10824000000,176100000,4072000000,933000000,1374000000,-439000000,216000000,166000000,-229000000,640000000,-2.0322025949663924,10.212222754108824,24.315068493150687,-223000000,3.5723281756027347,8201000000,1.2296231375985978,0.0,0.3578125,29579431080.19449,46.21786106280389,4.719870923918061
NOC,2016-12-31,6397000000,1477000000,831000000,705000000.0,646000000,525000000,825000000,959000000,134000000,2.96,2.5,0.46,18.4,25614000000,20355000000,2541000000,1342000000,7058000000,5259000000,10630000000,174800000,3299000000,816000000,1554000000,1531000000,312000000,158000000,-398000000,525000000,3.931762794476046,8.2069720181335,18.4,1843000000,3.8705077010838562,8400000000,1.8934426229508197,11.02079099577927,0.758095238095238,28820978135.228363,54.897101209958784,4.5053897350677445
NOC,2016-09-30,6155000000,1488000000,826000000,0.0,662000000,602000000,843000000,956000000,113000000,2.92,2.81,0.11,3.9146,24100000000,18333000000,1103000000,1257000000,6387000000,5767000000,10628000000,179600000,3659000000,797000000,1325000000,738000000,137000000,160000000,-467000000,602000000,2.5833333333333375,9.780666125101543,3.9145907473309567,875000000,3.178949193688226,7644000000,0.8774860779634049,0.0,0.7757475083056479,26512373215.16925,44.040487068387456,4.307453000027498
NOC,2016-06-30,6000000000,1417000000,797000000,0.0,620000000,517000000,797000000,903000000,106000000,2.85,2.53,0.32,12.6482,24081000000,18400000000,1139000000,1112000000,6387000000,5681000000,10634000000,181500000,3483000000,973000000,1272000000,604000000,173000000,163000000,-400000000,517000000,0.7387508394895992,8.616666666666667,12.64822134387353,777000000,3.2388663967611335,7499000000,1.0242805755395683,0.0,0.7736943907156673,26132646423.73358,50.54670488149629,4.3554410706222635
NOC,2016-03-31,5956000000,1395000000,739000000,0.0,656000000,556000000,739000000,842000000,103000000,3.03,2.49,0.54,21.6867,23933000000,18312000000,1277000000,1071000000,6387000000,5621000000,10664000000,183400000,3346000000,898000000,1204000000,-60000000,298000000,159000000,-282000000,556000000,4.60133473832105,9.335124244459369,21.68674698795179,238000000,3.2577833125778333,7458000000,1.19234360410831,0.0,0.5071942446043165,23520332605.850067,42.302756485341845,3.949014876737755
NOC,2015-12-31,5694000000,1316000000,689000000,712000000.0,627000000,459000000,689000000,827000000,138000000,2.49,1.99,0.5,25.1256,24454000000,18932000000,2319000000,1195000000,6416000000,5522000000,10661000000,181300000,2841000000,807000000,1282000000,1633000000,137000000,145000000,-318000000,459000000,-4.766683391871551,8.061116965226555,25.125628140703526,1770000000,3.4284679463962333,7611000000,1.9405857740585775,12.504390586582367,0.6928104575163399,22875620292.642365,49.83795270728184,4.017495660808283
NOC,2015-09-30,5979000000,1457000000,794000000,0.0,663000000,516000000,794000000,907000000,113000000,2.75,2.19,0.56,25.5708,23966000000,18269000000,1292000000,1208000000,6417000000,5697000000,10613000000,187900000,3268000000,856000000,1194000000,557000000,102000000,149000000,-948000000,516000000,1.4077340569877972,8.63020572002007,25.570776255707766,659000000,3.206775495875022,7625000000,1.0695364238410596,0.0,1.8372093023255813,20219485962.826874,39.185050315555955,3.3817504537258527
NOC,2015-06-30,5896000000,1454000000,813000000,0.0,641000000,531000000,813000000,930000000,117000000,2.74,2.36,0.38,16.1017,24552000000,18381000000,1907000000,1097000000,6417000000,6171000000,11164000000,193700000,3151000000,856000000,1246000000,626000000,115000000,153000000,-1091000000,531000000,-1.0240053718314601,9.006105834464044,16.101694915254253,741000000,2.978609625668449,7514000000,1.7383773928896993,0.0,2.054613935969868,19203377496.464233,36.1645527240381,3.2570178928874207
NOC,2015-03-31,5957000000,1415000000,780000000,0.0,635000000,484000000,780000000,879000000,99000000,2.41,2.27,0.14,6.1674,25266000000,18518000000,2646000000,1063000000,6418000000,6748000000,11843000000,200500000,3131000000,818000000,1248000000,-654000000,117000000,156000000,-825000000,484000000,,8.12489508141682,6.167400881057274,-537000000,2.7442205097806758,7481000000,2.489181561618062,0.0,1.7045454545454546,19418119197.48044,40.12008098652983,3.259714486735007
