ticker,fiscalDateEnding,totalRevenue,grossProfit,operatingIncome,researchAndDevelopment,operatingExpenses,netIncome,ebit,ebitda,depreciationAndAmortization,reportedEPS,estimatedEPS,surprise,surprisePercentage,totalAssets,totalLiabilities,cashAndCashEquivalentsAtCarryingValue,shortTermDebt,longTermDebt,totalShareholderEquity,retainedEarnings,commonStockSharesOutstanding,currentNetReceivables,inventory,currentAccountsPayable,operatingCashflow,capitalExpenditures,dividendPayout,proceedsFromRepurchaseOfEquity,cashflowNetIncome,revenueGrowthPct,netIncomeMarginPct,epsSurprisePct,freeCashFlow,debtToEquityRatio,totalDebt,cashRatio,rdIntensityPct,buybackRatio,marketCap,peRatio,psRatio
NTAP,2025-07-31,1557000000,1098000000,309000000,242000000,787000000,233000000,333000000,384000000,51000000,1.55,1.54,0.01,0.6494,9679000000,8704000000,2085000000,41000000,2485000000,975000000,0,203000000,787000000,133000000,404000000,673000000,53000000,104000000,-300000000,233000000,-10.103926096997695,14.964675658317278,0.6493506493506499,726000000,8.927179487179487,2526000000,50.853658536585364,15.542710340398202,1.2875536480686696,22417449950.471462,96.21223154708782,14.397848394650907
NTAP,2025-04-30,1732000000,1193000000,348000000,256000000,845000000,340000000,375000000,428000000,53000000,1.93,1.9,0.03,1.5789,10823000000,9783000000,2742000000,790000000,2485000000,1040000000,0,206000000,1246000000,186000000,511000000,675000000,35000000,105000000,-250000000,340000000,5.545399146861674,19.630484988452658,1.578947368421054,710000000,9.40673076923077,3275000000,3.470886075949367,14.780600461893764,0.7352941176470589,19613199374.67723,57.68588051375656,11.324018114709718
NTAP,2025-01-31,1641000000,1145000000,362000000,247000000,783000000,299000000,382000000,446000000,64000000,1.91,1.91,0.0,0.0,8989000000,7994000000,1511000000,791000000,1244000000,995000000,0,208000000,898000000,268000000,434000000,385000000,47000000,106000000,-200000000,299000000,-1.0253317249698468,18.2205971968312,0.0,432000000,8.034170854271357,2035000000,1.9102402022756004,15.051797684338819,0.6688963210702341,19615972698.353577,65.6052598607143,11.953670139155134
NTAP,2024-10-31,1658000000,1177000000,345000000,257000000,832000000,299000000,375000000,438000000,63000000,1.87,1.78,0.09,5.0562,9004000000,8112000000,1478000000,790000000,1244000000,892000000,0,210000000,873000000,317000000,554000000,105000000,45000000,106000000,-300000000,299000000,7.592472420506158,18.033775633293125,5.056179775280904,150000000,9.094170403587444,2034000000,1.870886075949367,15.500603136308804,1.0033444816053512,22711228843.301468,75.9572871013427,13.697966732992441
NTAP,2024-07-31,1541000000,1098000000,282000000,252000000,816000000,248000000,315000000,378000000,63000000,1.56,1.45,0.11,7.5862,9311000000,8382000000,1652000000,1188000000,1244000000,929000000,0,212000000,679000000,214000000,437000000,341000000,41000000,107000000,-400000000,248000000,-7.558488302339528,16.09344581440623,7.586206896551731,382000000,9.022604951560819,2432000000,1.3905723905723906,16.3530175210902,1.6129032258064515,24062518240.119736,97.02628322628925,15.614872316755182
NTAP,2024-04-30,1667000000,1176000000,366000000,271000000,810000000,291000000,396000000,460000000,64000000,1.8,1.79,0.01,0.5587,9887000000,8741000000,1903000000,440000000,1992000000,1146000000,208000000,212000000,1007000000,186000000,517000000,613000000,46000000,104000000,-100000000,291000000,3.7982565379825584,17.456508698260347,0.5586592178770954,659000000,7.627399650959861,2432000000,4.325,16.256748650269945,0.3436426116838488,23368803533.242813,80.30516678090314,14.018478424260836
NTAP,2024-01-31,1606000000,1151000000,366000000,249000000,785000000,313000000,399000000,462000000,63000000,1.94,1.69,0.25,14.7929,9369000000,8375000000,1820000000,440000000,1991000000,994000000,115000000,211000000,787000000,131000000,396000000,484000000,36000000,103000000,-100000000,313000000,2.8169014084507005,19.489414694894148,14.792899408284024,520000000,8.425553319919517,2431000000,4.136363636363637,15.504358655043587,0.3194888178913738,17212058477.038376,54.9906021630619,10.717346498778566
NTAP,2023-10-31,1562000000,1110000000,304000000,262000000,806000000,233000000,330000000,383000000,53000000,1.58,1.39,0.19,13.6691,9073000000,8303000000,1934000000,441000000,1991000000,770000000,0,211000000,787000000,122000000,411000000,135000000,38000000,103000000,-300000000,233000000,9.078212290502785,14.916773367477592,13.669064748201452,173000000,10.783116883116882,2432000000,4.3854875283446715,16.773367477592828,1.2875536480686696,16928012869.005478,72.65241574680462,10.83739620294845
NTAP,2023-07-31,1432000000,996000000,178000000,247000000,818000000,149000000,202000000,277000000,75000000,1.15,1.07,0.08,7.4766,9270000000,8397000000,2020000000,44000000,2390000000,873000000,0,216000000,653000000,131000000,344000000,453000000,35000000,106000000,-400000000,149000000,-9.424414927261227,10.405027932960893,7.476635514018677,488000000,9.618556701030927,2434000000,45.90909090909091,17.248603351955307,2.684563758389262,14629771265.266846,98.18638433064997,10.216320715968468
NTAP,2023-04-30,1581000000,1075000000,309000000,243000000,766000000,245000000,330000000,396000000,66000000,1.54,1.34,0.2,14.9254,9818000000,8659000000,2316000000,47000000,2389000000,1159000000,265000000,217000000,987000000,167000000,392000000,235000000,39000000,106000000,-150000000,245000000,3.6041939711664472,15.49652118912081,14.925373134328353,274000000,7.471095772217429,2436000000,49.276595744680854,15.370018975332068,0.6122448979591837,12572666423.916298,51.31700581190326,7.952350679263946
NTAP,2023-01-31,1526000000,1001000000,172000000,230000000,829000000,65000000,193000000,258000000,65000000,1.37,1.31,0.06,4.5802,9710000000,8608000000,2640000000,48000000,2388000000,1102000000,268000000,219000000,821000000,175000000,432000000,377000000,58000000,108000000,-200000000,65000000,-8.238123872519543,4.259501965923985,4.580152671755729,435000000,7.811252268602541,2436000000,55.0,15.072083879423328,3.076923076923077,12134801106.21238,186.68924778788275,7.952032179693565
NTAP,2022-10-31,1663000000,1087000000,282000000,243000000,805000000,750000000,322000000,394000000,72000000,1.48,1.33,0.15,11.2782,9780000000,8578000000,2669000000,47000000,2387000000,1202000000,499000000,220000000,910000000,244000000,584000000,214000000,77000000,108000000,-150000000,750000000,4.459798994974884,45.099218280216476,11.278195488721797,291000000,7.136439267886855,2434000000,56.787234042553195,14.612146722790136,0.2,12607435008.687927,16.809913344917238,7.581139512139464
NTAP,2022-07-31,1592000000,1046000000,255000000,240000000,791000000,214000000,288000000,360000000,72000000,1.2,1.1,0.1,9.0909,9544000000,8887000000,3288000000,300000000,2387000000,657000000,446000000,224000000,865000000,232000000,515000000,281000000,65000000,110000000,-350000000,214000000,-5.238095238095242,13.442211055276381,9.09090909090908,346000000,13.526636225266362,2687000000,10.96,15.07537688442211,1.6355140186915889,13097902098.197067,61.205149991575084,8.227325438565996
NTAP,2022-04-30,1680000000,1087000000,293000000,235000000,796000000,259000000,290000000,356000000,66000000,1.42,1.28,0.14,10.9375,10026000000,9188000000,4112000000,297000000,2386000000,838000000,122000000,228000000,1230000000,204000000,607000000,411000000,68000000,111000000,-250000000,259000000,4.089219330855021,15.416666666666668,10.937499999999991,479000000,10.964200477326969,2683000000,13.845117845117844,13.988095238095239,0.9652509652509652,13211748481.930117,51.01061189934408,7.864136001148879
NTAP,2022-01-31,1614000000,1073000000,321000000,220000000,752000000,252000000,325000000,388000000,63000000,1.44,1.29,0.15,11.6279,9500000000,8618000000,4170000000,298000000,2385000000,882000000,214000000,229000000,799000000,167000000,432000000,260000000,61000000,111000000,-125000000,252000000,3.065134099616862,15.613382899628252,11.627906976744178,321000000,9.770975056689343,2683000000,13.993288590604028,13.630731102850064,0.49603174603174605,15145310967.452362,60.100440347033185,9.383711875744957
NTAP,2021-10-31,1566000000,1059000000,294000000,216000000,765000000,224000000,298000000,359000000,61000000,1.28,1.21,0.07,5.7851,9222000000,8463000000,4548000000,49000000,2634000000,759000000,194000000,229000000,647000000,155000000,432000000,298000000,46000000,112000000,-125000000,224000000,7.407407407407418,14.303959131545337,5.7851239669421535,344000000,11.150197628458498,2683000000,92.81632653061224,13.793103448275861,0.5580357142857143,16130730285.52986,72.01218877468688,10.30059405206249
NTAP,2021-07-31,1458000000,999000000,249000000,210000000,750000000,202000000,255000000,314000000,59000000,1.15,0.95,0.2,21.0526,9156000000,8436000000,4547000000,53000000,2633000000,720000000,204000000,229000000,655000000,108000000,368000000,242000000,51000000,112000000,-100000000,202000000,-6.237942122186491,13.854595336076816,21.052631578947363,293000000,11.716666666666667,2686000000,85.79245283018868,14.40329218106996,0.49504950495049505,16050302375.94841,79.45694245519014,11.008437843586016
NTAP,2021-04-30,1555000000,1035000000,455000000,221000000,580000000,334000000,455000000,517000000,62000000,1.17,1.12,0.05,4.4643,9360000000,8675000000,4596000000,49000000,2632000000,685000000,211000000,229000000,945000000,114000000,420000000,559000000,38000000,106000000,-75000000,334000000,5.782312925170063,21.479099678456592,4.4642857142856975,597000000,12.664233576642335,2681000000,93.79591836734694,14.212218649517686,0.2245508982035928,13879315361.130386,41.55483641057002,8.925604733845908
NTAP,2021-01-31,1470000000,975000000,258000000,215000000,717000000,182000000,266000000,332000000,66000000,1.1,1.01,0.09,8.9109,8686000000,8208000000,3894000000,50000000,2632000000,478000000,56000000,227000000,799000000,106000000,336000000,373000000,32000000,107000000,-50000000,182000000,3.813559322033888,12.380952380952381,8.910891089108919,405000000,17.171548117154813,2682000000,77.88,14.625850340136054,0.27472527472527475,11753805676.515198,64.58134987096263,7.995786174500134
NTAP,2020-10-31,1416000000,933000000,182000000,212000000,751000000,137000000,193000000,262000000,69000000,1.05,0.73,0.32,43.8356,8420000000,8050000000,3646000000,52000000,2631000000,370000000,30000000,224000000,796000000,116000000,367000000,161000000,40000000,107000000,-1000000,137000000,8.672294704528017,9.675141242937853,43.835616438356176,201000000,21.756756756756758,2683000000,70.11538461538461,14.971751412429379,0.0072992700729927005,9430996323.800743,68.83938922482294,6.660308138277361
NTAP,2020-07-31,1303000000,872000000,136000000,233000000,736000000,77000000,122000000,184000000,62000000,0.73,0.41,0.32,78.0488,8416000000,8132000000,3633000000,202000000,2630000000,284000000,0,222000000,604000000,136000000,396000000,240000000,52000000,107000000,-33000000,77000000,-6.995003568879376,5.909439754412894,78.04878048780488,292000000,28.633802816901408,2832000000,17.985148514851485,17.88181120491174,0.42857142857142855,7672186735.171577,99.63878876846205,5.888094194298985
NTAP,2020-04-30,1401000000,941000000,277000000,212000000,664000000,196000000,264000000,323000000,59000000,1.19,1.04,0.15,14.4231,7522000000,7280000000,2658000000,573000000,1146000000,242000000,0,222000000,973000000,145000000,426000000,383000000,24000000,105000000,-161000000,196000000,-0.21367521367521292,13.990007137758745,14.423076923076913,407000000,30.082644628099175,1719000000,4.638743455497382,15.132048536759457,0.8214285714285714,7679763498.098442,39.18246682703287,5.48162990585185
NTAP,2020-01-31,1404000000,941000000,268000000,211000000,673000000,277000000,268000000,315000000,47000000,1.16,1.18,-0.02,-1.6949,7483000000,7201000000,2705000000,743000000,1146000000,282000000,0,229000000,821000000,113000000,381000000,420000000,32000000,108000000,-500000000,277000000,2.4070021881838155,19.72934472934473,-1.6949152542372898,452000000,25.5354609929078,1889000000,3.6406460296096905,15.02849002849003,1.8050541516245486,7989497759.130112,28.842952199025675,5.690525469465891
NTAP,2019-10-31,1371000000,925000000,296000000,209000000,629000000,243000000,311000000,361000000,50000000,1.09,0.94,0.15,15.9574,7472000000,6936000000,2545000000,547000000,1145000000,536000000,0,236000000,780000000,111000000,382000000,-53000000,36000000,111000000,-500000000,243000000,10.922330097087386,17.72428884026258,15.957446808510653,-17000000,12.940298507462687,1692000000,4.652650822669104,15.244347191830782,2.05761316872428,10281485297.148308,42.31063908291485,7.4992598812168545
NTAP,2019-07-31,1236000000,816000000,104000000,215000000,712000000,103000000,134000000,183000000,49000000,0.65,0.58,0.07,12.069,7811000000,6948000000,2967000000,481000000,1145000000,863000000,0,243000000,542000000,116000000,348000000,310000000,32000000,115000000,-250000000,103000000,-22.36180904522613,8.333333333333332,12.068965517241391,342000000,8.05098493626883,1626000000,6.168399168399168,17.39482200647249,2.4271844660194173,8827154208.975815,85.70052630073607,7.141710525061339
NTAP,2019-04-30,1592000000,1026000000,370000000,205000000,656000000,396000000,398000000,446000000,48000000,1.22,1.26,-0.04,-3.1746,8741000000,7651000000,2325000000,649000000,1144000000,1090000000,0,249000000,1216000000,131000000,542000000,399000000,35000000,97000000,-500000000,396000000,1.8554062699936091,24.87437185929648,-3.174603174603177,434000000,7.019266055045872,1793000000,3.5824345146379044,12.876884422110551,1.2626262626262625,10291640443.92144,25.98899102000364,6.464598268794875
NTAP,2019-01-31,1563000000,982000000,311000000,203000000,671000000,249000000,311000000,362000000,51000000,1.2,1.15,0.05,4.3478,8418000000,7188000000,2271000000,562000000,1144000000,1230000000,0,255000000,872000000,100000000,497000000,451000000,31000000,99000000,-550000000,249000000,3.0323005932761937,15.930902111324377,4.347826086956526,482000000,5.84390243902439,1706000000,4.040925266903915,12.987843889955213,2.208835341365462,10815366857.486526,43.435208262998096,6.919620510228104
NTAP,2018-10-31,1517000000,974000000,286000000,211000000,688000000,241000000,286000000,335000000,49000000,1.06,0.99,0.07,7.0707,8551000000,7021000000,2359000000,648000000,1144000000,1530000000,0,264000000,765000000,86000000,472000000,165000000,43000000,102000000,-561000000,241000000,2.917232021709637,15.886618325642715,7.070707070707077,208000000,4.588888888888889,1792000000,3.640432098765432,13.909030982201715,2.327800829875519,11018855103.707062,45.721390471813535,7.263582797433791
NTAP,2018-07-31,1474000000,963000000,254000000,208000000,690000000,283000000,286000000,335000000,49000000,1.04,0.8,0.24,30.0,8905000000,6983000000,2627000000,200000000,1542000000,1922000000,0,269000000,616000000,97000000,425000000,326000000,64000000,105000000,-500000000,283000000,-10.176721511273612,19.199457259158752,30.0,390000000,3.633194588969823,1742000000,13.135,14.111261872455902,1.7667844522968197,14086971969.186264,49.777286110198816,9.556968771496788
NTAP,2018-04-30,1641000000,1022000000,287000000,203000000,735000000,271000000,287000000,335000000,48000000,1.05,1.01,0.04,3.9604,9865000000,7798000000,2941000000,385000000,1541000000,2067000000,-218000000,273000000,1009000000,126000000,609000000,494000000,48000000,53000000,-344000000,271000000,7.7478660538411015,16.514320536258378,3.960396039603964,542000000,3.7726173197871313,1926000000,7.638961038961039,12.370505789152956,1.2693726937269372,11147293799.798653,41.133925460511634,6.792988299694486
NTAP,2018-01-31,1523000000,941000000,470000000,193000000,688000000,-506000000,35000000,83000000,48000000,0.99,0.91,0.08,8.7912,9787000000,7611000000,2974000000,632000000,1540000000,2176000000,-489000000,268000000,754000000,98000000,458000000,420000000,32000000,53000000,-150000000,-506000000,7.102672292545709,-33.22390019697964,8.791208791208787,452000000,3.497702205882353,2172000000,4.705696202531645,12.672357189757058,-0.2964426877470356,9967159289.337845,-19.697943259560958,6.544425009414212
NTAP,2017-10-31,1422000000,902000000,219000000,194000000,683000000,175000000,219000000,270000000,51000000,0.81,0.69,0.12,17.3913,10308000000,7531000000,3535000000,1598000000,1540000000,2777000000,17000000,275000000,584000000,108000000,379000000,314000000,29000000,54000000,-150000000,175000000,7.320754716981126,12.306610407876232,17.391304347826104,343000000,2.711919337414476,3138000000,2.212140175219024,13.642756680731363,0.8571428571428571,8965582048.391487,51.231897419379926,6.304910019965884
NTAP,2017-07-31,1325000000,834000000,148000000,193000000,686000000,136000000,148000000,199000000,51000000,0.62,0.55,0.07,12.7273,9599000000,6831000000,2951000000,1773000000,745000000,2768000000,10000000,278000000,518000000,143000000,289000000,250000000,36000000,54000000,-150000000,136000000,-10.533423362592842,10.264150943396226,12.727272727272718,286000000,2.4678468208092488,2518000000,1.664410603496898,14.566037735849058,1.1029411764705883,6969911428.412865,51.249348738329886,5.260310512009709
NTAP,2017-04-30,1481000000,913000000,247000000,191000000,666000000,190000000,247000000,300000000,53000000,0.86,0.82,0.04,4.878,9493000000,6713000000,2444000000,1379000000,744000000,2780000000,40000000,278000000,731000000,163000000,347000000,365000000,38000000,51000000,-129000000,190000000,5.48433048433048,12.829169480081026,4.878048780487809,403000000,2.414748201438849,2123000000,1.7722987672226251,12.89669142471303,0.6789473684210526,6428950354.011223,33.83658081058538,4.340952298454573
NTAP,2017-01-31,1404000000,851000000,183000000,181000000,626000000,146000000,195000000,251000000,56000000,0.82,0.74,0.08,10.8108,9055000000,6361000000,2213000000,1270000000,744000000,2694000000,0,281000000,605000000,125000000,258000000,235000000,45000000,52000000,-284000000,146000000,4.7761194029850795,10.3988603988604,10.810810810810805,280000000,2.3611729769858947,2014000000,1.74251968503937,12.891737891737892,1.9452054794520548,6683707775.542305,45.778820380426744,4.760475623605631
NTAP,2016-10-31,1340000000,829000000,142000000,200000000,687000000,109000000,142000000,199000000,57000000,0.6,0.54,0.06,11.1111,8762000000,5973000000,4357000000,324000000,1492000000,2789000000,0,284000000,547000000,97000000,253000000,158000000,56000000,52000000,-117000000,109000000,3.554868624420404,8.134328358208954,11.1111111111111,214000000,2.1416278235926853,1816000000,13.447530864197532,14.925373134328357,1.073394495412844,5605432372.232162,51.425985066350115,4.18315848674042
NTAP,2016-07-31,1294000000,797000000,93000000,207000000,704000000,64000000,93000000,153000000,60000000,0.46,0.36,0.1,27.7778,8787000000,5995000000,4421000000,279000000,1491000000,2792000000,0,282000000,501000000,81000000,239000000,228000000,36000000,53000000,-175000000,64000000,-6.2318840579710155,4.945904173106646,27.77777777777779,264000000,2.1472063037249285,1770000000,15.845878136200717,15.996908809891808,2.734375,5467388701.348812,85.42794845857519,4.225184467812065
NTAP,2016-04-30,1380000000,818000000,64000000,201000000,719000000,-8000000,75000000,152000000,77000000,0.55,0.58,-0.03,-5.1724,10037000000,7156000000,2868000000,868000000,1490000000,2881000000,0,284000000,813000000,98000000,254000000,345000000,35000000,51000000,-262000000,-8000000,-0.43290043290042934,-0.5797101449275363,-5.172413793103434,380000000,2.4838597709128774,2358000000,3.304147465437788,14.565217391304348,-32.75,3857812405.997852,-482.2265507497315,2.7955162362303274
NTAP,2016-01-31,1386000000,855000000,165000000,200000000,688000000,153000000,174000000,240000000,66000000,0.7,0.68,0.02,2.9412,8785000000,5676000000,5023000000,323000000,1490000000,3109000000,51000000,296000000,585000000,102000000,175000000,355000000,41000000,52000000,-85000000,153000000,-4.083044982698958,11.03896103896104,2.9411764705882213,396000000,1.8256674171759408,1813000000,15.551083591331269,14.43001443001443,0.5555555555555556,3870692902.973522,25.298646424663545,2.7927077222031182
NTAP,2015-10-31,1445000000,884000000,145000000,216000000,738000000,114000000,156000000,223000000,67000000,0.61,0.57,0.04,7.0175,8635000000,5648000000,4814000000,334000000,1489000000,2987000000,0,296000000,587000000,125000000,226000000,145000000,46000000,53000000,-183000000,114000000,8.239700374531832,7.889273356401384,7.0175438596491295,191000000,1.8908603950451959,1823000000,14.41317365269461,14.948096885813147,1.605263157894737,4743737785.331806,41.611734959050935,3.2828635192607654
NTAP,2015-07-31,1335000000,816000000,-26000000,244000000,815000000,-30000000,-11000000,58000000,69000000,0.29,0.23,0.06,26.087,8697000000,5697000000,4950000000,312000000,1488000000,3000000000,-31000000,304000000,415000000,193000000,249000000,129000000,38000000,54000000,-430000000,-30000000,-13.294797687861271,-2.247191011235955,26.08695652173912,167000000,1.899,1800000000,15.865384615384615,18.277153558052433,-14.333333333333334,4764565507.05986,-158.81885023532868,3.5689629266365994
NTAP,2015-04-30,1539700000,935200000,161600000,232400000,773600000,134900000,161600000,234200000,72600000,0.65,0.72,-0.07,-9.7222,9401200000,5987100000,5326200000,416600000,1487500000,3414100000,53200000,313300000,778900000,146500000,283400000,396600000,37200000,50500000,-246300000,134900000,-0.747759943273385,8.761447035136714,-9.722222222222216,433800000,1.753639319293518,1904100000,12.784925588094096,15.09384945119179,1.8257968865826537,5108715024.421143,37.8703856517505,3.3179937808801343
NTAP,2015-01-31,1551300000,977400000,202500000,229900000,774900000,176800000,211500000,291000000,79500000,0.75,0.77,-0.02,-2.5974,9234700000,5726700000,5252500000,282600000,1494700000,3508000000,69800000,317100000,666300000,117800000,194200000,274600000,28600000,51400000,-200000000,176800000,,11.396892928511571,-2.5974025974025996,303200000,1.6324686431014823,1777300000,18.58634111818825,14.81982853090956,1.1312217194570136,5731153332.958328,32.41602563890457,3.694419733744813
