ticker,fiscalDateEnding,totalRevenue,grossProfit,operatingIncome,researchAndDevelopment,operatingExpenses,netIncome,ebit,ebitda,depreciationAndAmortization,reportedEPS,estimatedEPS,surprise,surprisePercentage,totalAssets,totalLiabilities,cashAndCashEquivalentsAtCarryingValue,shortTermDebt,longTermDebt,totalShareholderEquity,retainedEarnings,commonStockSharesOutstanding,currentNetReceivables,inventory,currentAccountsPayable,operatingCashflow,capitalExpenditures,dividendPayout,proceedsFromRepurchaseOfEquity,cashflowNetIncome,revenueGrowthPct,netIncomeMarginPct,epsSurprisePct,freeCashFlow,debtToEquityRatio,totalDebt,cashRatio,rdIntensityPct,buybackRatio,marketCap,peRatio,psRatio
QCOM,2025-06-30,10365000000,5759000000,2762000000,2226000000,2997000000,2666000000,3120000000,3737000000,617000000,2.77,2.71,0.06,2.214,54862000000,27653000000,5448000000,,14788000000,27209000000,26552000000,1099000000,3410000000,6338000000,2337000000,2875000000,294000000,968000000,-2849000000,2666000000,-5.59249476272885,25.721177038109023,2.214022140221404,3169000000,1.0163181300305046,14788000000.0,,21.476121562952244,1.068642160540135,158330803039.55078,59.38889836442265,15.275523689295783
QCOM,2025-03-31,10979000000,6042000000,3120000000,2216000000,2922000000,2812000000,2942000000,3120000000,178000000,2.85,2.82,0.03,1.0638,55372000000,27644000000,7203000000,1365000000.0,13258000000,27728000000,27333000000,1115000000,3699000000,6196000000,2479000000,2554000000,214000000,938000000,-1748000000,2812000000,-5.913103093666983,25.612533017579015,1.0638297872340514,2768000000,0.9969705712637046,14623000000.0,5.276923076923077,20.183987612715185,0.6216216216216216,166720943450.92773,59.28909795552195,15.185439789682825
QCOM,2024-12-31,11669000000,6508000000,3555000000,2230000000,2953000000,3180000000,3798000000,4234000000,436000000,3.41,2.99,0.42,14.0468,55575000000,28695000000,8713000000,1365000000.0,13212000000,26880000000,26607000000,1122000000,3550000000,6303000000,2581000000,4587000000,277000000,942000000,-1750000000,3180000000,13.910581803982813,27.251692518639132,14.046822742474912,4864000000,1.0675223214285714,14577000000.0,6.383150183150184,19.1104636215614,0.550314465408805,167288498504.63867,52.60644607064109,14.336146928154827
QCOM,2024-09-30,10244000000,5777000000,2582000000,2302000000,3195000000,2920000000,2776000000,3215000000,439000000,2.69,2.57,0.12,4.6693,55154000000,28880000000,7849000000,1462000000.0,13270000000,26274000000,25687000000,1130000000,3929000000,6423000000,2584000000,2647000000,256000000,948000000,-1303000000,2915000000,9.05993825188971,28.504490433424444,4.669260700389109,2903000000,1.099185506584456,14732000000.0,5.368673050615595,22.47169074580242,0.44623287671232875,184033941009.52148,63.025322263534754,17.96504695524419
QCOM,2024-06-30,9393000000,5219000000,2221000000,2259000000,2998000000,2129000000,2296000000,2715000000,419000000,2.33,2.25,0.08,3.5556,52741000000,28071000000,7770000000,1364000000.0,13190000000,24670000000,24273000000,1134000000,2948000000,6020000000,2586000000,3052000000,387000000,949000000,-1303000000,2108000000,0.04260304611780619,22.665814968593633,3.555555555555559,3439000000,1.1378597486826105,14554000000.0,5.696480938416422,24.049824337272437,0.6120244246124942,209103716384.8877,98.21687007275138,22.261654038633843
QCOM,2024-03-31,9389000000,5283000000,2340000000,2236000000,2943000000,2326000000,2340000000,2751000000,411000000,2.44,2.32,0.12,5.1724,53167000000,28698000000,9219000000,914000000.0,14543000000,24469000000,23965000000,1130000000,3054000000,6087000000,2314000000,3554000000,184000000,895000000,-731000000,2275000000,-5.495722194262709,24.7736713174992,5.172413793103453,3738000000,1.1728309289304835,15457000000.0,10.086433260393873,23.81510277984876,0.3142734307824592,164141706039.4287,70.56823131531759,17.48234168062932
QCOM,2023-12-31,9935000000,5623000000,2928000000,2096000000,2695000000,2767000000,2900000000,3337000000,437000000,2.75,2.37,0.38,16.0338,52135000000,29077000000,8133000000,914000000.0,14566000000,23058000000,22565000000,1127000000,3513000000,6247000000,2147000000,2949000000,214000000,895000000,-784000000,2811000000,15.10833043679758,27.85103170608958,16.033755274261598,3163000000,1.2610373839882036,15480000000.0,8.898249452954047,21.097131353799696,0.28333935670401156,133396437751.77002,48.20977150407301,13.426918747032715
QCOM,2023-09-30,8631000000,4751000000,1410000000,2135000000,3340000000,1490000000,1593000000,2055000000,462000000,2.02,1.91,0.11,5.7592,51040000000,29459000000,8450000000,1012000000.0,14484000000,21581000000,20733000000,1125000000,3183000000,6826000000,1912000000,4090000000,293000000,893000000,-400000000,1629000000,2.1299254526091493,17.263353029776386,5.759162303664927,4383000000,1.3650433251471201,15496000000.0,8.349802371541502,24.736415247364153,0.2684563758389262,117554996910.0952,78.8959710806008,13.620090013914401
QCOM,2023-06-30,8451000000,4659000000,1823000000,2222000000,2840000000,1803000000,1823000000,2302000000,479000000,1.87,1.81,0.06,3.3149,49002000000,28332000000,6087000000,914000000.0,14530000000,20670000000,20163000000,1124000000,3850000000,6628000000,1744000000,2657000000,306000000,893000000,-400000000,1735000000,-8.884097035040428,21.33475328363507,3.314917127071826,2963000000,1.3706821480406386,15444000000.0,6.6597374179431075,26.292746420541945,0.2218524681087077,119058173187.25586,66.0333739252667,14.088057411815862
QCOM,2023-03-31,9275000000,5122000000,2090000000,2210000000,3032000000,1704000000,2074000000,2544000000,470000000,2.15,2.15,0.0,0.0,48362000000,28664000000,3488000000,499000000.0,15486000000,19698000000,19280000000,1123000000,3691000000,6858000000,1430000000,1457000000,453000000,834000000,-903000000,1702000000,-1.9866849836204126,18.371967654986523,0.0,1910000000,1.455173114021728,15985000000.0,6.98997995991984,23.827493261455526,0.5299295774647887,129257016654.96826,75.85505672239921,13.936066485710864
QCOM,2022-12-31,9463000000,5419000000,2465000000,2251000000,2954000000,2235000000,2541000000,2939000000,398000000,2.37,2.34,0.03,1.2821,50014000000,31204000000,4808000000,1446000000.0,15431000000,18810000000,18517000000,1131000000,3960000000,6932000000,2562000000,3095000000,398000000,842000000,-1270000000,2273000000,-16.954804738920583,23.618302863785267,1.2820512820512928,3493000000,1.6589048378522062,16877000000.0,3.3250345781466115,23.787382436859346,0.5682326621923938,118451375633.23976,52.998378359391396,12.51731751381589
QCOM,2022-09-30,11395000000,6527000000,3666000000,2178000000,2861000000,2873000000,3666000000,4156000000,490000000,3.13,3.13,0.0,0.0,49014000000,31001000000,2773000000,2049000000.0,13537000000,18013000000,17840000000,1131000000,5643000000,6341000000,3796000000,1446000000,634000000,841000000,-500000000,2923000000,4.19714703730798,25.212812637121544,0.0,2080000000,1.721034808194082,15586000000.0,1.3533430941922888,19.113646336112332,0.1740341106856944,132416634757.9956,46.09002254020035,11.620591027467801
QCOM,2022-06-30,10936000000,6120000000,4472000000,2052000000,1648000000,3730000000,3413000000,3851000000,438000000,2.96,2.87,0.09,3.1359,47020000000,30972000000,2676000000,1945000000.0,13600000000,16048000000,15830000000,1134000000,3804000000,5418000000,3752000000,2895000000,554000000,842000000,-500000000,3730000000,-2.042278753135074,34.10753474762253,3.1358885017421554,3449000000,1.9299601196410767,15545000000.0,1.3758354755784061,18.763716166788587,0.13404825737265416,139112531463.62305,37.29558484279438,12.720604559585135
QCOM,2022-03-31,11164000000,6516000000,3858000000,2034000000,2658000000,2934000000,3858000000,4286000000,428000000,3.21,2.91,0.3,10.3093,44302000000,30974000000,7173000000,3485000000.0,12195000000,13328000000,13113000000,1140000000,4084000000,4555000000,3724000000,2698000000,491000000,764000000,-951000000,2934000000,4.2877160205511355,26.2809029021856,10.309278350515457,3189000000,2.3239795918367347,15680000000.0,2.0582496413199425,18.219276245073452,0.32413087934560325,170567432907.1045,58.134776041957906,15.278344043990012
QCOM,2021-12-31,10705000000,6402000000,3864000000,1930000000,2538000000,3399000000,3864000000,4270000000,406000000,3.23,3.01,0.22,7.309,42820000000,31487000000,6607000000,2042000000.0,13708000000,11333000000,11275000000,1142000000,4032000000,3861000000,3526000000,2057000000,583000000,765000000,-1178000000,3399000000,14.663667523564694,31.751517982251286,7.308970099667782,2640000000,2.7783464219535867,15750000000.0,3.2355533790401565,18.02895843063989,0.3465725213298029,178392158615.1123,52.483718333366376,16.664377264372938
QCOM,2021-09-30,9336000000,5399000000,2902000000,1878000000,2497000000,2798000000,2902000000,3327000000,425000000,2.55,2.26,0.29,12.8319,41240000000,31290000000,7116000000,2170000000.0,13701000000,9950000000,9822000000,1144000000,3579000000,3228000000,2750000000,1077000000,430000000,768000000,-771000000,2798000000,15.831265508684854,29.97000856898029,12.831858407079649,1507000000,3.144723618090452,15871000000.0,3.27926267281106,20.11568123393316,0.27555396711937097,144257028152.46582,51.55719376428371,15.4516953890816
QCOM,2021-06-30,8060000000,4656000000,2195000000,1864000000,2461000000,2027000000,2195000000,2601000000,406000000,1.92,1.68,0.24,14.2857,38769000000,30592000000,7399000000,2045000000.0,13695000000,8177000000,7993000000,1145000000,2952000000,3133000000,2709000000,3373000000,506000000,767000000,-630000000,2028000000,1.5752993068683052,25.148883374689827,14.285714285714285,3879000000,3.741225388284212,15740000000.0,3.618092909535452,23.126550868486355,0.3108041440552541,135804891670.22704,66.99797319695463,16.849242142708068
QCOM,2021-03-31,7935000000,4503000000,2166000000,1780000000,2337000000,1762000000,2166000000,2553000000,387000000,1.9,1.67,0.23,13.7725,37168000000,29744000000,6000000000,500000000.0,15235000000,7424000000,7143000000,1151000000,3346000000,2668000000,2548000000,2911000000,483000000,734000000,-1521000000,1762000000,-3.642987249544627,22.205419029615626,13.77245508982036,3394000000,4.006465517241379,15735000000.0,12.0,22.432262129804663,0.8632236095346197,132619194221.49658,75.26628502922621,16.713193978764533
QCOM,2020-12-31,8235000000,4746000000,2526000000,1653000000,2220000000,2455000000,2526000000,2890000000,364000000,2.17,2.1,0.07,3.3333,37479000000,30099000000,7076000000,500000000.0,15231000000,7380000000,6974000000,1156000000,4148000000,2552000000,2429000000,3175000000,469000000,739000000,-444000000,2455000000,-1.329978432782175,29.811778992106863,3.3333333333333255,3644000000,4.078455284552845,15731000000.0,14.152,20.072859744990893,0.18085539714867618,142695428543.09082,58.12441081184962,17.327920891692873
QCOM,2020-09-30,8346000000,5580000000,3452000000,1583000000,2128000000,2960000000,3447000000,3786000000,339000000,1.45,1.17,0.28,23.9316,35594000000,29517000000,6707000000,500000000.0,15226000000,6077000000,5284000000,1148000000,4003000000,2598000000,2248000000,1741000000,348000000,734000000,562000000,2960000000,70.57020232985897,35.466091540857896,23.931623931623935,2089000000,4.857166364982722,15726000000.0,13.414,18.967169901749344,-0.18986486486486487,113494184295.6543,38.34262982961294,13.59863219454281
QCOM,2020-06-30,4893000000,2813000000,782000000,1520000000,2031000000,845000000,782000000,1145000000,363000000,0.86,0.71,0.15,21.1268,32328000000,29022000000,6120000000,628000000.0,15425000000,3306000000,3081000000,1139000000,1847000000,2343000000,2046000000,1872000000,418000000,733000000,-110000000,845000000,-6.192484662576692,17.269568771714695,21.126760563380287,2290000000,8.778584392014519,16053000000.0,9.745222929936306,31.064786429593294,0.1301775147928994,77404041366.57715,91.6024158184345,15.819342196316605
QCOM,2020-03-31,5216000000,2919000000,991000000,1468000000,1928000000,468000000,968000000,1308000000,340000000,0.88,0.78,0.1,12.8205,31938000000,28893000000,8403000000,2631000000.0,13449000000,3045000000,2990000000,1151000000,3081000000,1700000000,2061000000,1083000000,345000000,705000000,-1578000000,468000000,2.737837305495372,8.97239263803681,12.820512820512816,1428000000,9.488669950738917,16080000000.0,3.193842645381984,28.144171779141104,3.371794871794872,74343529716.4917,158.8536959754096,14.252977322947029
QCOM,2019-12-31,5077000000,2964000000,1030000000,1406000000,1934000000,925000000,1030000000,1381000000,351000000,0.99,0.85,0.14,16.4706,33111000000,28598000000,11109000000,2498000000.0,13437000000,4513000000,4376000000,1159000000,2737000000,1420000000,1718000000,1118000000,296000000,710000000,-762000000,925000000,5.463232239302029,18.21942091786488,16.47058823529412,1414000000,6.3368047861732775,15935000000.0,4.4471577261809445,27.69351979515462,0.8237837837837838,78717887191.77246,85.10041858569996,15.504803464993591
QCOM,2019-09-30,4814000000,2696000000,701000000,1441000000,1995000000,506000000,706000000,1056000000,350000000,0.78,0.71,0.07,9.8592,32957000000,28048000000,11839000000,2496000000.0,13437000000,4909000000,4466000000,1211000000,2471000000,1400000000,1368000000,1227000000,317000000,711000000,-705000000,506000000,-50.03632589517384,10.511009555463232,9.859154929577475,1544000000,5.7135872886534935,15933000000.0,4.743189102564102,29.933527212297466,1.3932806324110671,71302240058.89893,140.9135179029623,14.81143333171976
QCOM,2019-06-30,9635000000,7521000000,5317000000,1380000000,2204000000,2149000000,5594000000,5947000000,353000000,0.8,0.75,0.05,6.6667,34133000000,28670000000,13923000000,3000000000.0,13426000000,5463000000,4687000000,1231000000,2390000000,1774000000,1587000000,4909000000,248000000,755000000,-69000000,2149000000,93.39622641509433,22.30409963674105,6.666666666666672,5157000000,5.248032216730734,16426000000.0,4.641,14.322781525687597,0.03210795718939041,70461880889.89258,32.78821818980576,7.313116854166329
QCOM,2019-03-31,4982000000,2803000000,940000000,1308000000,1863000000,663000000,922000000,1267000000,345000000,0.77,0.72,0.05,6.9444,34023000000,30157000000,10135000000,998000000.0,15405000000,3866000000,3309000000,1217000000,3638000000,1725000000,1667000000,794000000,170000000,752000000,1513000000,663000000,2.8913672036348537,13.307908470493778,6.94444444444445,964000000,7.80056906363166,16403000000.0,10.155310621242485,26.254516258530707,-2.282051282051282,48885486557.00683,73.73376554601332,9.812422030711929
QCOM,2018-12-31,4842000000,2654000000,710000000,1269000000,1944000000,1068000000,859000000,1212000000,353000000,1.2,1.09,0.11,10.0917,34246000000,30629000000,10066000000,998000000.0,15388000000,3617000000,3415000000,1223000000,3426000000,1698000000,1422000000,356000000,152000000,750000000,-1019000000,1068000000,-16.56039979321041,22.057001239157373,10.091743119266043,508000000,8.468067459220348,16386000000.0,10.086172344689379,26.20817843866171,0.954119850187266,52771695976.257324,49.41170035230086,10.89873935899573
QCOM,2018-09-30,5803000000,2953000000,-653000000,1388000000,3607000000,-493000000,-568000000,-172000000,396000000,0.9,0.83,0.07,8.4337,32686000000,31758000000,11777000000,1005000000.0,15365000000,928000000,663000000,1417000000,2904000000,1693000000,1825000000,-436000000,159000000,866000000,-21155000000,-493000000,3.643507769244514,-8.4956057211787,8.433734939759043,-277000000,34.22198275862069,16370000000.0,11.718407960199006,23.91866276064105,-42.910750507099394,61675685111.99951,-125.10280955780834,10.62824144614846
QCOM,2018-06-30,5599000000,3108000000,903000000,1416000000,2183000000,1219000000,1146000000,1560000000,414000000,0.75,0.71,0.04,5.6338,62090000000,39022000000,35619000000,7103000000.0,15378000000,23068000000,22745000000,1487000000,3163000000,1785000000,1644000000,2053000000,214000000,911000000,-1000000000,1219000000,6.424634099980997,21.771744954456153,5.633802816901413,2267000000,1.6916074215363275,22481000000.0,5.014641700689849,25.290230398285406,0.8203445447087777,50374594146.728516,41.32452350018746,8.99706986010511
QCOM,2018-03-31,5261000000,3022000000,441000000,1402000000,2581000000,363000000,496000000,884000000,388000000,0.8,0.68,0.12,17.6471,64126000000,40307000000,37946000000,3733000000.0,19361000000,23819000000,22779000000,1494000000,3535000000,1797000000,1454000000,516000000,185000000,845000000,-200000000,363000000,-13.299274884640743,6.899828929861243,17.64705882352941,701000000,1.6922204962424956,23094000000.0,10.165014733458344,26.64892605968447,0.5509641873278237,57250815368.65234,157.71574481722408,10.882116587844962
QCOM,2017-12-31,6068000000,3405000000,29000000,1420000000,3376000000,-5953000000,110000000,473000000,363000000,0.98,0.91,0.07,7.6923,64351000000,40427000000,33362000000,3465000000.0,19381000000,23924000000,23273000000,1477000000,3053000000,1872000000,1685000000,1762000000,226000000,844000000,-225000000,-5953000000,2.76037256562236,-98.10481212920237,7.692307692307687,1988000000,1.6898093964220031,22846000000.0,9.628282828282828,23.401450230718524,-0.03779606920880228,56387649120.33081,-9.47213994966081,9.292625102229863
QCOM,2017-09-30,5905000000,3252000000,333000000,1397000000,2919000000,168000000,1528000000,1925000000,397000000,0.92,0.81,0.11,13.5802,65486000000,34740000000,35029000000,2495000000.0,19398000000,30746000000,30088000000,1488000000,3632000000,2035000000,1971000000,2417000000,262000000,841000000,-315000000,168000000,9.942282628933153,2.845046570702794,13.580246913580243,2679000000,1.1299030768230014,21893000000.0,14.039679358717434,23.657917019475022,1.875,45277757297.51587,269.51046010426114,7.667698102881603
QCOM,2017-06-30,5371000000,2883000000,773000000,1391000000,2110000000,866000000,992000000,1385000000,393000000,0.83,0.81,0.02,2.4691,64379000000,33096000000,14909000000,2495000000.0,19403000000,31294000000,30778000000,1491000000,3532000000,2002000000,1508000000,82000000,177000000,844000000,-300000000,865000000,7.0773524720893155,16.123626885123812,2.469135802469124,259000000,1.0575829232440723,21898000000.0,5.975551102204409,25.898342952895177,0.3464203233256351,47701539417.266846,55.082609026867026,8.881314358083568
QCOM,2017-03-31,5016000000,2808000000,729000000,1386000000,2079000000,749000000,982000000,1324000000,342000000,1.34,1.19,0.15,12.605,56079000000,24745000000,7124000000,1998000000.0,9939000000,31344000000,30768000000,1489000000,4201000000,2066000000,1289000000,815000000,122000000,783000000,-283000000,749000000,-16.38606434405734,14.932216905901116,12.605042016806733,937000000,0.7894652884124553,11937000000.0,3.5655655655655654,27.631578947368425,0.37783711615487314,47866679794.31152,63.90744965862687,9.542799002055727
QCOM,2016-12-31,5999000000,3556000000,778000000,1311000000,2778000000,682000000,1832000000,2161000000,329000000,1.19,1.18,0.01,0.8475,52366000000,21160000000,6885000000,1749000000.0,9935000000,31215000000,30815000000,1495000000,2085000000,1910000000,1648000000,1379000000,129000000,784000000,-444000000,681000000,-2.991591203104782,11.368561426904485,0.8474576271186449,1508000000,0.6778792247316995,11684000000.0,3.9365351629502574,21.853642273712286,0.6510263929618768,57291922443.38989,84.00575138326964,9.550245448139671
QCOM,2016-09-30,6184000000,3645000000,1804000000,1229000000,1841000000,1599000000,2036000000,2372000000,336000000,1.28,1.13,0.15,13.2743,52359000000,20591000000,5946000000,1749000000.0,10008000000,31778000000,30936000000,1491000000,2219000000,1556000000,1858000000,2084000000,150000000,782000000,-225000000,1599000000,2.3163467902051593,25.857050452781372,13.274336283185853,2234000000,0.6479640002517465,11757000000.0,3.399656946826758,19.8738680465718,0.14071294559099437,52590441230.773926,32.889581757832346,8.504275748831489
QCOM,2016-06-30,6044000000,3510000000,1592000000,1268000000,1918000000,1444000000,1716000000,2072000000,356000000,1.16,0.97,0.19,19.5876,50786000000,20148000000,5885000000,1749000000.0,10024000000,30647000000,30134000000,1486000000,1939000000,1338000000,1572000000,1840000000,136000000,781000000,-100000000,1443000000,8.881282651774459,23.89146260754467,19.587628865979376,1976000000,0.6574216073351389,11773000000.0,3.3647798742138364,20.97948378557247,0.06925207756232687,44668951107.02515,30.934176666914922,7.390627251327787
QCOM,2016-03-31,5551000000,3410000000,1415000000,1301000000,1995000000,1164000000,1625000000,1997000000,372000000,1.04,0.96,0.08,8.3333,50060000000,20423000000,5775000000,1949000000.0,9993000000,29645000000,29485000000,1498000000,1738000000,1427000000,1452000000,737000000,125000000,710000000,-1548000000,1164000000,-3.8787878787878816,20.969194739686543,8.333333333333341,862000000,0.6889188733344578,11942000000.0,2.9630579784504874,23.43721851918573,1.3298969072164948,41558120643.61572,35.702852786611444,7.486600728448158
QCOM,2015-12-31,5775000000,3241000000,1685000000,1352000000,1556000000,1498000000,1483000000,1847000000,364000000,0.97,0.9,0.07,7.7778,50229000000,19996000000,6913000000,1000000000.0,9950000000,30241000000,30172000000,1517000000,1323000000,1216000000,1359000000,2739000000,128000000,717000000,-2050000000,1496000000,5.846774193548376,25.93939393939394,7.777777777777772,2867000000,0.661221520452366,10950000000.0,6.913,23.41125541125541,1.3684913217623498,40903523303.9856,27.30542276634553,7.082861178179325
QCOM,2015-09-30,5456000000,3204000000,1140000000,1357000000,2064000000,1061000000,1398000000,1724000000,326000000,0.91,0.86,0.05,5.814,50796000000,19382000000,7560000000,1000000000.0,9969000000,31421000000,31226000000,1573000000,1964000000,1492000000,1300000000,1684000000,179000000,738000000,-2230000000,1060000000,-6.447187928669407,19.44648093841642,5.813953488372099,1863000000,0.6168486044365233,10969000000.0,7.56,24.871700879765395,2.1017907634307256,45460086334.228516,42.846452718405764,8.332127260672381
QCOM,2015-06-30,5832000000,3381000000,1235000000,1407000000,2146000000,1184000000,1431000000,1728000000,297000000,0.99,0.95,0.04,4.2105,52295000000,19099000000,9987000000,1000000000.0,9913000000,33202000000,32699000000,1629000000,1961000000,1583000000,1412000000,2116000000,366000000,757000000,-5405000000,1183000000,-15.404699738903393,20.301783264746227,4.210526315789478,2482000000,0.5752364315402687,10913000000.0,9.987,24.12551440329218,4.565033783783784,54259297088.62305,45.82710902755325,9.303720351272814
QCOM,2015-03-31,6894000000,4266000000,1336000000,1375000000,2930000000,1053000000,1415000000,1719000000,304000000,1.4,1.33,0.07,5.2632,47173000000,9339000000,5492000000,1096000000.0,0,37839000000,32411000000,1667000000,2058000000,1861000000,1683000000,-658000000,196000000,688000000,-1947000000,1052000000,,15.274151436031334,5.26315789473683,-462000000,0.24680884801395386,1096000000.0,5.010948905109489,19.94487960545402,1.849002849002849,55008053379.05884,52.23936693167981,7.979120014368848
