ticker,fiscalDateEnding,totalRevenue,grossProfit,operatingIncome,researchAndDevelopment,operatingExpenses,netIncome,ebit,ebitda,depreciationAndAmortization,reportedEPS,estimatedEPS,surprise,surprisePercentage,totalAssets,totalLiabilities,cashAndCashEquivalentsAtCarryingValue,shortTermDebt,longTermDebt,totalShareholderEquity,retainedEarnings,commonStockSharesOutstanding,currentNetReceivables,inventory,currentAccountsPayable,operatingCashflow,capitalExpenditures,dividendPayout,proceedsFromRepurchaseOfEquity,cashflowNetIncome,marketCap,stockPrice,sharesOutstanding
REKR,2025-06-30,12359000,4553000,-7735000,3652000,12288000,-8658000,-8097000,-6536000,1561000,-0.07,-0.06,-0.01,-16.6667,80072000,44673000,5170000,2505000,14858000,35399000,-279625000,117435953,8288000,4580000,4090000,-7655000,301000,None,-69000,-8658000,136225705.48,1.16,117435953.0
REKR,2025-03-31,9198000,4437000,-10139000,3977000,14576000,-10874000,-10139000,-8583000,1556000,-0.2217,-0.05,-0.1717,-343.4,79802000,46443000,3851000,2861000,14828000,33359000,-270967000,106815912,7922000,4196000,4545000,-8079000,349000,None,-93000,-10874000,94713669.17040001,0.8867,106815912.0
REKR,2024-12-31,13277000,6897000,-18478000,4034000,25375000,-20355000,-19935000,-17517000,2418000,-0.22,-0.06,-0.16,-266.6667,82475000,48334000,5013000,4289000,14799000,34141000,-260093000,91808265,7572000,4297000,4330000,-4917000,820000,None,0,-20355000,143220893.4,1.56,91808265.0
REKR,2024-09-30,10546000,4643000,-12854000,4740000,17497000,-12646000,-12150000,-9751000,2399000,-0.1485,-0.08,-0.0685,-85.625,101195000,60861000,10602000,3847000,14770000,40334000,-239738000,89285197,7068000,3944000,5773000,-9626000,350000,None,-9000,-12646000,105356532.46,1.18,89285197.0
REKR,2024-06-30,12427000,6651000,-10075000,4991000,16726000,-9795000,-9251000,-6907000,2344000,-0.12,-0.12,0,0,97878000,51722000,3089000,4538000,14676000,46156000,-227092000,84932611,9355000,3627000,6272000,-10040000,351000,None,0,-9795000,135042851.49,1.59,84932611.0
REKR,2024-03-31,9778000,2161000,-12916000,5001000,15077000,-18614000,-17560000,-15228000,2332000,-0.23,-0.11,-0.12,-109.0909,107150000,52191000,12267000,3022000,15639000,54959000,-217297000,79558346,7910000,3754000,6905000,-7886000,161000,None,-180000,-18614000,179006278.5,2.25,79558346.0
REKR,2023-12-31,11066000,5886000,-9346000,4260000,15232000,-11324000,-10272000,-8303000,1969000,-0.16,-0.1,-0.06,-60,92151000,58781000,15713000,2883000,24942000,33370000,-198683000,69176826,5295000,3058000,5139000,-5512000,444000,None,0,-11324000,217215233.64000002,3.14,69176826.0
REKR,2023-09-30,9119000,4799000,-9803000,4270000,14602000,-10566000,-9660000,-7697000,1963000,-0.16,-0.14,-0.02,-14.2857,88159000,44580000,7034000,2728000,10115000,43579000,-187359000,66671622,7364000,3459000,5619000,-7466000,454000,11156000,-16000,-10566000,185347109.16,2.78,66671622.0
REKR,2023-06-30,8563000,4432000,-10280000,4783000,14712000,-11113000,-10366000,-8202000,2164000,-0.18,-0.16,-0.02,-12.5,83914000,41989000,2438000,3791000,9618000,41925000,-176793000,61816279,6043000,2676000,5447000,-10289000,238000,None,17000,-11113000,110032976.62,1.78,61816279.0
REKR,2023-03-31,6185000,3317000,-12687000,4958000,16004000,-13438000,-11921000,-9813000,2108000,-0.23,-0.2,-0.03,-15,93768000,41791000,12066000,1171000,10123000,51977000,-165680000,54680048,4638000,2016000,6158000,-9360000,728000,None,-89000,-12682000,68350060.0,1.25,54680048.0
REKR,2022-12-31,4549000,2439000,-9991000,4844000,12430000,-7166000,-7485000,-5547000,1938000,-0.13,-0.19,0.06,31.5789,83840000,34503000,1924000,4244000,2349000,49337000,-152998000,54405080,3578000,1986000,5963000,-9522000,599000,None,98000,-7166000,80519518.4,1.48,54405080.0
REKR,2022-09-30,6778000,3123000,-47682000,4911000,15970000,-48034000,-48943000,-47091000,1852000,-0.9,-0.27,-0.63,-233.3333,93458000,38160000,7869000,3233000,2380000,55298000,-146171000,53482110,4655000,3069000,7295000,-7264000,934000,None,-98000,-48128000,53482110.0,1.0,53482110.0
REKR,2022-06-30,4334000,1668000,-15551000,4727000,17219000,-15653000,-15551000,-14031000,1520000,-0.33,-0.26,-0.07,-26.9231,136984000,37635000,13988000,2918000,2379000,99349000,-98086000,47154453,5178000,3228000,7391000,-10670000,754000,None,-98000,-15602000,82991837.28,1.76,47154453.0
REKR,2022-03-31,3608000,1625000,-12606000,4092000,14231000,-12596000,-12592000,-11193000,1399000,-0.29,-0.22,-0.07,-31.8182,120096000,26645000,14606000,2389000,28000,93451000,-82484000,44087911,1823000,1228000,4337000,-12156000,1814000,None,-98000,-12601000,201040874.16,4.56,44087911.0
REKR,2021-12-31,3189000,1658000,-11567000,3551000,13225000,-7001000,-10812000,-9429000,1383000,-0.13,-0.21,0.08,38.0952,125879000,24792000,25796000,1478000,37000,101087000,-69883000,41938863,1173000,1194000,7087000,-5708000,4654000,None,0,-7000000,274699552.65,6.55,41938863.0
REKR,2021-09-30,2615000,1213000,-9655000,2000000,10868000,-9613000,-9589000,-8659000,930000,-0.23,-0.12,-0.11,-91.6667,132648000,25895000,35102000,2006000,46000,106753000,-62882000,41938863,2774000,1822000,6492000,-5478000,825000,None,-214000,-9613000,481877535.87,11.49,41938863.0
REKR,2021-06-30,4274000,2842000,-4685000,1519000,7527000,-4762000,-4666000,-4041000,625000,-0.12,-0.1,-0.02,-20,104564000,9391000,69032000,2185000,55000,95173000,-53269000,40972709,2336000,1357000,3274000,-3684000,368000,None,13000,-4761000,416282723.44,10.16,40972709.0
REKR,2021-03-31,4216000,2254000,-5308000,1222000,7562000,-5406000,-5292000,-4678000,614000,-0.15,-0.09,-0.06,-66.6667,108395000,9600000,62845000,2008000,350000,98795000,-48507000,35944355,2814000,1101000,3707000,-3163000,425000,None,-319000,-5403000,718527656.4499999,19.99,35944355.0
REKR,2020-12-31,2835000,2055000,-3099000,1042000,5154000,-3107000,-3064000,-2489000,575000,-0.11,-0.1,-0.01,-10,40402000,15211000,20595000,1023000,1449000,25191000,-43050000,26907069,1378000,1264000,1360000,-3319000,493000,None,None,-3102000,217140046.83,8.07,26907069.0
REKR,2020-09-30,2126000,1142000,-3367000,781000,4509000,-6669000,-6442000,-5945000,497000,-0.23,-0.09,-0.14,-155.5556,43018000,8284000,24154000,834000,1480000,34734000,-39828000,26907069,1221000,591000,2274000,-1623000,97000,None,None,-6667000,154984717.44,5.76,26907069.0
REKR,2020-06-30,2677000,1401000,-2779000,819000,4180000,-618000,674000,1140000,466000,-0.16,-0.12,-0.04,-33.3333,22603000,27243000,1933000,713000,20626000,-4640000,-33044000,22829084,2057000,677000,2828000,-8129000,269000,None,None,-419000,91316336.0,4.0,22829084.0
REKR,2020-03-31,1595000,1101000,-2604000,543000,3705000,-4109000,-2604000,-2181000,423000,-0.11,-0.17,0.06,35.2941,29122000,33462000,1087000,462000,21922000,-4340000,-32311000,21929768,737000,488000,2118000,-1992000,178000,None,454000,-3774000,81140141.60000001,3.7,21929768.0
REKR,2019-12-31,4436000,2398000,-2200000,672000,4598000,-2984000,-2121000,-1672000,449000,-0.21,0.03,-0.24,-800,28992000,32223000,1180000,2344000,20409000,-3231000,-28408000,21929768,4831000,302000,2612000,-12077000,150000,0,107000,-2984000,83771713.75999999,3.82,21929768.0
REKR,2019-09-30,4983000,2751000,-2081000,450000,4832000,-3628000,-2334000,-1916000,418000,-0.2,0.04,-0.24,-600,30823000,32525000,1273000,2150000,20076000,-1702000,-23836000,19878518,4714000,385000,4140000,-5489000,165000,108000,107000,-3628000,42937598.88,2.16,19878518.0
REKR,2019-06-30,12329000,3892000,-3460000,302000,5800000,-4927000,-1632000,-1291000,341000,-0.17,-0.17,0,0,32129000,30310000,3096000,3294000,19744000,1819000,-20094000,19369399,7267000,214000,4823000,-1797282,182893,0,None,-4924801,36995552.089999996,1.91,19369399.0
REKR,2019-03-31,11626221,3103666,-1466098,5000,4569764,-2875199,-2269269,-2071269,198000,-0.15,0.01,-0.16,-1600,18055249,9547443,2767183,4130423,19424950,8507806,-12063791,18800496,5264949,72702,1593726,-1968718,308107,0,None,-2875199,12220322.4,0.65,18800496.0
REKR,2018-12-31,11856660,3319343,-1746301,302000,5065644,-2084532,-1746301,-1411961,334340,-0.13,0.04,-0.17,-425,18055249,14599126,2767183,4130423,964733,3456099,-12063791,18800496,5264949,72702,1593726,-953188,124124,344720,2819950,-2084532,12220322.4,0.65,18800496.0
REKR,2018-09-30,13148848,3919794,-238267,5000,4158061,-503834,-553837,-206000,347837,-0.05,-0.08,0.03,37.5,18682057,11073890,1483568,2095843,3390295,7608167,-9864351,14542362,6810791,124731,2191971,709771,452465,114908,23450,-503833,18905070.6,1.3,14542362.0
REKR,2018-06-30,12338164,3472790,-855835,5000,4328625,-921288,-750435,-403633,346802,-0.07,-0.1,0.03,30,19503762,11380487,2100462,5257491,933642,8123275,-9245610,14533030,7043990,129979,1887644,-2264677,437262,114908,None,-921290,24114656.679,1.6593,14533030.0
REKR,2018-03-31,11218769,3084733,-2196216,None,5280950,-2193844,-2100897,-1763564,337333,-0.2,None,0,None,18225422,13846920,2184389,2141425,None,4378502,-8209412,14496697,5696108,144359,2007155,455250,66003,114908,None,-2193844,51898175.26,3.58,14496697.0
REKR,2017-12-31,4421574,1963768,-1033798,None,2997566,-791360,-982782,-629868,352914,-0.14,None,0,None,15415054,8683228,3762265,3663586,None,None,-2595363,11756560,3600742,169232,None,-1121488,14797,19460,None,-791360,55843660.0,4.75,11756560.0
REKR,2017-09-30,4421574,1963768,-1033798,None,2997566,-791360,-981710,-628796,352914,-0.09,None,0,None,15415054,8683228,3762265,None,None,6731826,-2595363,11756560,3600742,169232,1385852,-1121488,14797,19460,None,-796760,17752405.6,1.51,11756560.0
REKR,2017-06-30,3470553,1620494,-834318,None,2454812,-544317,-957712,-943957,13755,-0.04,0,-0.04,None,8981864,3458948,2915854,None,None,1,-1691236,13933784,2371171,None,966128,-172734,2190,73732,None,-572383,,,
REKR,2017-03-31,3470553,1620494,-834318,None,2454812,-544317,-834318,-796844,37474,,,,,9333449,3201566,3155886,None,None,6131883,-1045121,13933784,2864823,None,1075879,-909930,35998,70409,None,-544317,,,
REKR,2016-12-31,2545532,1082606,-556157,None,1638763,-459192,-556157,-543785,12372,,,,,5482725,1666469,2788587,None,None,3816256,-430395,13933784,1997831,0,577268,-695614,1456,None,None,-459192,,,
REKR,2016-09-30,2405529,1071093,-80421,None,1151514,-55542,-30421,-80421,-50000,,,,,4025422,2148415,758032,None,None,1877007,-7995,13933784,2188007,None,820825,1428159,12069,None,None,-55542,,,
REKR,2016-06-30,3744579,1554733,291859,None,1217239,217973,291859,318915,27056,,,,,None,None,None,None,None,None,None,5006962,None,None,None,-342243,21489,None,None,217973,,,
REKR,2016-03-31,3432766,1460458,160750,None,1254075,204568,160750,249940,89190,,,,,3751052,2064922,389912,None,None,1686130,-198872,901126,2845961,None,883860,-526381,25957,125615,None,204568,,,
REKR,2015-12-31,2628827,1108230,95242,None,1012988,95242,95242,112809,17567,,,,,2549029,966613,567866,None,None,1530038,932334,7417573,1734022,1,419482,318714,13508,147703,None,95242,,,
REKR,2015-09-30,,,,,,,,,,,,,,,,,,,,,,,,,-60000,40000,None,None,270000,,,
