ticker,fiscalDateEnding,totalRevenue,grossProfit,operatingIncome,researchAndDevelopment,operatingExpenses,netIncome,ebit,ebitda,depreciationAndAmortization,reportedEPS,estimatedEPS,surprise,surprisePercentage,totalAssets,totalLiabilities,cashAndCashEquivalentsAtCarryingValue,shortTermDebt,longTermDebt,totalShareholderEquity,retainedEarnings,commonStockSharesOutstanding,currentNetReceivables,inventory,currentAccountsPayable,operatingCashflow,capitalExpenditures,dividendPayout,proceedsFromRepurchaseOfEquity,cashflowNetIncome,marketCap,stockPrice,sharesOutstanding
TEAM,2025-06-30,1384344000,1149919000,-28479000,700678000,1178398000,-23903000,-6057000,17164000,23221000,0.98,0.85,0.13,15.2941,6041970000,4696316000,2512874000,50164000,987684000,1345654000,-4241865000,262884000,778302000,None,222092000,375315000,14997000,None,-423715839,-23903000,53389111560.0,203.09,262884000.0
TEAM,2025-03-31,1356716000,1137041000,-12456000,685320000,1149497000,-70807000,450000,23628000,23178000,0.97,0.93,0.04,4.3011,5883716000,4514794000,2660859000,44645000,987232000,1368922000,-3828512000,262671000,642036000,None,192915000,638636413,14005253,None,-129998084,-70807000,55741412910.0,212.21,262671000.0
TEAM,2024-12-31,1286463000,1063336000,-57479000,680213000,1120815000,-38208000,-39892000,-16743000,23149000,-0.15,-0.45,0.3,66.6667,5446305000,4226750000,2217604000,48644000,986785000,1219555000,-3618775000,261147000,695661000,None,190550000,351905000,9336000,None,-69241000,-38208000,63557956860.0,243.38,261147000.0
TEAM,2024-09-30,1187781000,970157000,-31978000,603101000,1002135000,-123769000,-22846000,-19000,22827000,0.77,0.65,0.12,18.4615,4993293000,3964459000,2055597000,47406000,986345000,1028834000,-3512203000,260477000,484120000,None,167467000,80492000,6151000,None,-183610000,-123769000,41366352370.0,158.81,260477000.0
TEAM,2024-06-30,1131590000,914085000,-66950000,589104000,981035000,-196919000,-46472000,-23294000,23178000,0.66,0.6,0.06,10,5212133000,4179282000,2176930000,48953000,985911000,1032851000,-3204516000,260326000,628049000,None,177545000,426219000,13590000,None,-192227000,-196919000,46403109500.0,178.25,260326000.0
TEAM,2024-03-31,1189128000,975703000,17804000,576490000,957899000,12752000,28228000,51692000,23464000,0.89,0.63,0.26,41.2698,5063265000,3929094000,1948978000,96437000,924724000,1134171000,-2818176000,261778000,646082000,-27476000,188241000,565390000,10520000,None,-35377000,12752000,50620011860.0,193.37,261778000.0
TEAM,2023-12-31,1060110000,865574000,-49062000,536779000,914636000,-84469000,-31108000,-14096000,17012000,0.73,0.63,0.1,15.873,4449498000,3544575000,1460497000,96230000,937180000,904923000,-2789801000,258601000,526379000,-26097000,160469000,289594000,5333000,None,-101773000,-84469000,58617088670.0,226.67,258601000.0
TEAM,2023-09-30,977775000,799746000,-18869000,481738000,818615000,-31883000,-1978000,13106000,15084000,0.65,0.54,0.11,20.3704,4079639000,3305014000,2143530000,92737000,949637000,774625000,-2607188000,257907000,368260000,-29319000,126201000,166956000,3669000,None,-65879000,-31883000,50926316220.0,197.46,257907000.0
TEAM,2023-06-30,939098000,769322000,-50389000,474855000,819711000,-58952000,-36906000,-21602000,15304000,0.57,0.45,0.12,26.6667,4106779000,3452107000,2102550000,82430000,962093000,654672000,-2509964000,257389000,477678000,-28926000,159293000,272775000,2585000,None,-118258000,-58952000,43192448090.0,167.81,257389000.0
TEAM,2023-03-31,915453000,746801000,-161567000,522344000,908368000,-209037000,-147463000,-131940000,15523000,0.54,0.33,0.21,63.6364,3839009000,3256742000,1972217000,68910000,974550000,582267000,-2332555000,256825000,346348000,-25371000,106488000,352369000,2691000,None,-31748000,-209037000,43960735250.0,171.17,256825000.0
TEAM,2022-12-31,872704000,716759000,-99239000,473676000,815998000,-205031000,-97025000,-81549000,15476000,0.45,0.29,0.16,55.1724,3614015000,3036523000,1636615000,46659000,999506000,577492000,-2087802000,255874000,354844000,-25662000,130318000,150525000,4040000,None,0,-205031000,32368061000.0,126.5,255874000.0
TEAM,2022-09-30,807392000,668000000,-34027000,399006000,702027000,-13741000,405000,15025000,14620000,0.36,0.38,-0.02,-5.2632,3371432000,2890819000,1468571000,45360000,999463000,480613000,-1882771000,255167000,246781000,-21282000,111461000,92442000,16496000,None,None,-13741000,53735618530.0,210.59,255167000.0
TEAM,2022-06-30,759841000,626687000,-63253000,379000000,689940000,-105463000,-62248000,-37638000,24610000,0.27,0.26,0.01,3.8462,3326830000,2999458000,1385265000,40638000,999419000,327372000,-1869030000,254482000,308127000,127507000,81220000,230397000,24648000,0,None,-564572000,47689926800.0,187.4,254482000.0
TEAM,2022-03-31,740491000,624428000,32897000,334161000,591531000,4661000,10418000,22657000,12239000,0.47,0.32,0.15,46.875,3124578000,2821618000,1194803000,39558000,999375000,302960000,-2323208000,255741000,264236000,1,62879000,334709000,30491000,0,None,-30557000,75144378030.0,293.83,255741000.0
TEAM,2021-12-31,688526000,578335000,23042000,318569000,555293000,-22328000,773000,13071000,12298000,0.5,0.39,0.11,28.2051,2760613000,2636988000,899394000,41893000,999332000,123625000,-2290281000,252960000,253019000,1,57730000,203490680,12368470,0,None,-22328000,96451118400.0,381.29,252960000.0
TEAM,2021-09-30,614024000,517768000,56477000,272140000,461291000,-411204000,-399050000,-385746000,13304000,0.46,0.4,0.06,15,3417124000,3444360000,1507418000,312349000,649288000,-27236000,-2212809000,252106000,186637000,-93000,50300000,65001000,6881000,0,None,-411204000,98679330520.0,391.42,252106000.0
TEAM,2021-06-30,559539000,461572000,-7526000,245929000,469098000,-213073000,-205919000,-182205000,23714000,0.24,0.18,0.06,33.3333,2945344000,2650430000,919227000,391245000,None,294914000,-1812707000,251264000,183365000,215577000,40366000,186229317,9031247,0,None,-213073000,64539671040.0,256.86,251264000.0
TEAM,2021-03-31,568728000,483840000,69515000,244098000,414325000,159840000,221641000,244965000,23324000,0.48,0.29,0.19,65.5172,3323018000,2910350000,1151450000,581273000,None,412668000,-1599634000,255128000,196316000,None,50538000,377036000,5365000,0,None,211050000,53770777280.0,210.76,255128000.0
TEAM,2020-12-31,501359000,421877000,27713000,241064000,394164000,-621528000,-515924000,-492739000,23185000,0.37,0.32,0.05,15.625,3561190000,3392050000,1251715000,774957000,None,169140000,-1759474000,249188000,160125000,1,46211000,200462000,9548000,0,None,-607372000,58277597560.0,233.87,249188000.0
TEAM,2020-09-30,459506000,385822000,11932000,232235000,373890000,-21554000,-11749000,10876000,22625000,0.3,0.27,0.03,11.1111,4038148000,3349704000,1560262000,935863000,None,688444000,-1137946000,248015000,123063000,None,34006000,79465000,7817000,None,None,-24324000,45086646850.0,181.79,248015000.0
TEAM,2020-06-30,430476000,360364000,-3280000,210738000,363644000,-385223000,-383124000,-361046000,22078000,0.25,0.21,0.04,19.0476,3894072000,3318766000,1479969000,923926000,None,575306000,-1116392000,246909000,128162000,373648000,30738000,123341000,15844000,0,317000,-395608000,44510285430.0,180.27,246909000.0
TEAM,2020-03-31,411582000,340927000,-19920000,204148000,360847000,-158825000,-154422000,-130739000,23683000,0.25,0.21,0.04,19.0476,3640957000,2820798000,1338193000,914779000,None,820159000,-731169000,245504000,95494000,2,30154000,156313000,6742000,None,499000,-166857000,33697879039.999996,137.26,245504000.0
TEAM,2019-12-31,408725000,342964000,41841000,172420000,301123000,124074000,154155000,180777000,26622000,0.37,0.27,0.1,37.037,3503174000,2608166000,1239725000,906451000,None,895008000,-572344000,250960000,125544000,None,37780000,218365000,7010000,0,331000,141791000,30200526400.0,120.34,250960000.0
TEAM,2019-09-30,363390000,301111000,-4555000,175882000,305666000,69320000,86792000,111807000,25015000,0.28,0.24,0.04,16.6667,3280600000,2586352000,1187191000,893232000,None,694248000,-696418000,250883000,100847000,None,32757000,76191000,6113000,None,655000,74465000,31470763520.0,125.44,250883000.0
TEAM,2019-06-30,334586000,273457000,-32444000,170321000,305901000,-237517000,-180645000,-164800000,15845000,0.2,0.16,0.04,25,2977258000,2411791000,1268441000,855189000,None,565467000,-765637000,241121000,88281000,243793000,24993000,117726000,20823000,0,713000,-190862000,31772514170.000004,131.77,241121000.0
TEAM,2019-03-31,309270000,255081000,-27557000,153069000,282638000,-202844000,-191578000,-175275000,16303000,0.21,0.18,0.03,16.6667,2875144000,2181626000,1445284000,1588000,844938000,693518000,-528120000,239410000,64768000,1,26181000,133251000,6106000,0,1125000,-201681000,27261616700.0,113.87,239410000.0
TEAM,2018-12-31,298979000,249197000,-3169000,131364000,252366000,45185000,37082000,57767000,20685000,0.25,0.21,0.04,19.0476,2724944000,1905196000,1340589000,1141000,836403000,819748000,-325276000,247255000,72630000,None,25071000,130436000,7807000,None,704000,27063000,22000749900.0,88.98,247255000.0
TEAM,2018-09-30,267292000,222107000,-192000,124380000,222299000,-242445000,-230174000,-212759000,17415000,0.2,0.19,0.01,5.2632,2553522000,1840252000,1517780000,1197000,827970000,713270000,-370461000,236219000,53150000,None,19147000,84929000,11566000,None,1000000,-240076000,22610882680.0,95.72,236219000.0
TEAM,2018-06-30,243783000,199587000,-5287000,111046000,204874000,-25851000,-14973000,2781000,17754000,0.13,0.12,0.01,8.3333,2421828000,1514508000,1410339000,1420000,819637000,907320000,-128016000,234206000,64404000,25403000,17119000,82203000,17802000,None,900000,-21755000,14836950100.0,63.35,234206000.0
TEAM,2018-03-31,223723000,179090000,-10276000,108544000,189366000,-15823000,-7535000,12576000,20111000,0.1,0.08,0.02,25,1372745000,490032000,393513000,1345000,None,882713000,-116719000,232221000,51598000,1,22619000,91676000,5293000,None,900000,-8147000,12488845380.0,53.78,232221000.0
TEAM,2017-12-31,212626000,171414000,-13013000,101324000,184427000,-64209000,-11938000,9052000,20990000,0.13,0.12,0.01,8.3333,1306525000,443101000,310905000,1340000,None,863424000,-102453000,230208000,48105000,None,17226000,72328000,4550000,None,1300000,-14188000,10833588480.0,47.06,230208000.0
TEAM,2017-09-30,193818000,155390000,-20289000,94862000,175679000,-11470000,-19699000,881000,20580000,0.13,0.09,0.04,44.4444,1343546000,414177000,305871000,1311000,None,929369000,-37223000,228156000,43136000,None,15812000,65249000,2564000,None,900000,-21744000,8270655000.0,36.25,228156000.0
TEAM,2017-06-30,174331000,137526000,-32256000,90691000,169782000,-20708000,-31744000,-7978000,23766000,0.09,0.08,0.01,12.5,1283858000,389810000,244420000,688000,None,894048000,-23229000,225805000,28543000,18929000,12464000,50597000,6133000,None,2000000,-31768000,7943819900.0,35.18,225805000.0
TEAM,2017-03-31,159909000,127014000,-23063000,82262000,150077000,-17461000,-22515000,-4030000,18485000,0.08,0.06,0.02,33.3333,1235664000,382056000,196882000,687000,None,853608000,-2521000,223333000,32551000,None,13514000,72923000,4623000,None,1500000,-22521000,6688823350.0,29.95,223333000.0
TEAM,2016-12-31,148909000,122010000,-2639000,69758000,124649000,-1698000,-1449000,9804000,11253000,0.09,0.08,0.01,12.5,1083107000,290905000,336162000,671000,None,792202000,14940000,221316000,33909000,1,11208000,47399000,2907000,None,2200000,-1487000,5444373600.0,24.6,221316000.0
TEAM,2016-09-30,136787000,114225000,-5128000,67458000,119353000,-2637000,-3869000,4173000,8042000,0.1,0.07,0.03,42.8571,1048247000,267477000,266745000,737000,None,780770000,16638000,218504000,22404000,None,9670000,28462000,2391000,None,3700000,-3876000,6548564880.0,29.97,218504000.0
TEAM,2016-06-30,127588000,106462000,-11390000,60830000,117852000,-4702000,-10488000,-4146000,6342000,0.08,0.05,0.03,60,990973000,259310000,259709000,766000,None,731663000,19275000,214505000,17788000,13148000,9561000,34995000,17394000,None,2500000,-10497000,5555679500.0,25.9,214505000.0
TEAM,2016-03-31,117942000,98178000,-4935000,54170000,103113000,-1072000,-4178000,1500000,5678000,0.07,0.06,0.01,16.6667,946372000,239667000,312894000,652000,None,706705000,23977000,212920000,16204000,None,8550000,48244000,7531000,None,800000,-4183000,5354938000.0,25.15,212920000.0
TEAM,2015-12-31,109706000,91233000,3367000,47846000,87866000,5065000,3309000,8681000,5372000,0.11,0.04,0.07,175,915731000,211097000,570268000,507000,None,704634000,25049000,165730000,17754000,1,6796000,31899000,3133000,None,433700000,3260000,4985158400.0,30.08,165730000.0
TEAM,2015-09-30,101822000,85402000,7078000,45460000,78324000,5082000,6521000,11055000,4534000,,,,,414155000,198176000,208332000,380000,None,215979000,19984000,155803022,15396000,None,6073000,14404000,6155000,None,1200000,6513000,,,
TEAM,2015-06-30,91810000,76546000,-4639000,43175000,81185000,-1171000,-2513000,2046000,4559000,,,,,397161000,207107000,187094000,526000,None,190054000,14902000,208675129,14310000,None,10598000,20777000,13730000,None,2338000,-2523000,,,
TEAM,2015-03-31,83963000,70495000,-1498000,36910000,71993000,-648000,-2743000,1070000,3813000,,,,,None,None,None,None,None,None,None,208675129,None,None,None,33303000,4108000,None,None,-2775000,,,
