ticker,fiscalDateEnding,totalRevenue,grossProfit,operatingIncome,researchAndDevelopment,operatingExpenses,netIncome,ebit,ebitda,depreciationAndAmortization,reportedEPS,estimatedEPS,surprise,surprisePercentage,totalAssets,totalLiabilities,cashAndCashEquivalentsAtCarryingValue,shortTermDebt,longTermDebt,totalShareholderEquity,retainedEarnings,commonStockSharesOutstanding,currentNetReceivables,inventory,currentAccountsPayable,operatingCashflow,capitalExpenditures,dividendPayout,proceedsFromRepurchaseOfEquity,cashflowNetIncome,revenueGrowthPct,netIncomeMarginPct,epsSurprisePct,freeCashFlow,debtToEquityRatio,totalDebt,cashRatio,rdIntensityPct,buybackRatio,marketCap,peRatio,psRatio
TME,2025-06-30,8442000000,3749000000,2978000000,,771000000,2409000000,2814750000,2994000000,179250000,1.55,1.42,0.13,9.1549,107873000000.0,21498000000.0,10999000000.0,2251000000.0,3559000000.0,83878000000.0,25036000000.0,1551468774,3729000000.0,32000000.0,6956000000.0,1638000000,0.0,,,2409000000,14.763458401305062,28.53589196872779,9.154929577464797,1638000000.0,0.256300817854503,5810000000.0,4.886272767658818,,,11930180194.419825,4.952337150028985,1.4131935790594439
TME,2025-03-31,7356000000,3242000000,4836000000,,-1594000000,4291000000,2169000000,2348250000,179250000,1.37,1.3199,0.0501,3.7957,98084000000.0,22885000000.0,12022000000.0,2256000000.0,3568000000.0,73237000000.0,22642000000.0,1546504271,3201000000.0,18000000.0,7296000000.0,2519000000,319000000.0,1508000000.0,-2142000000.0,1957000000,-1.3676588897827857,58.333333333333336,3.7957421016743718,2838000000.0,0.31247866515559075,5824000000.0,5.328900709219858,,0.499184339314845,8528492947.04888,1.9875304001512188,1.1593927334215444
TME,2024-12-31,7458000000,3253000000,2409000000,,844000000,1957000000,2094000000,2274000000,180000000,1.26,1.22,0.04,3.2787,90444000000.0,20718000000.0,13164000000.0,106000000.0,3572000000.0,67863000000.0,20051000000.0,1556171427,3508000000.0,23000000.0,9033000000.0,2480000000,0.0,,,1957000000,6.315039201710615,26.24027889514615,3.2786885245901667,2480000000.0,0.3052915432562663,3678000000.0,124.18867924528301,,,7940804207.235735,4.057641393579834,1.0647364182402435
TME,2024-09-30,7015000000,2991000000,2144000000,,847000000,1583000000,1845000000,2025000000,180000000,0.1409,0.17,-0.0291,-17.1176,84613000000.0,19384000000.0,10209000000.0,2208000000.0,3481000000.0,63485000000.0,18106000000.0,1567356601,2935000000.0,18000000.0,6523000000.0,2165000000,0.0,,,1583000000,-2.025139664804465,22.565930149679257,-17.117647058823536,2165000000.0,0.3053319681814602,5689000000.0,4.623641304347826,,,8430545048.954653,5.325675962700349,1.2017883177412192
TME,2024-06-30,7160000000,3010000000,2198000000,,812000000,1682000000,1894000000,2074000000,180000000,1.19,1.17,0.02,1.7094,82405000000.0,19526000000.0,12251000000.0,112000000.0,5674000000.0,61209000000.0,16520000000.0,1569416908,3024000000.0,14000000.0,6218000000.0,2944000000,0.0,,,1682000000,5.79196217494089,23.49162011173184,1.7094017094017109,2944000000.0,0.3190053750265484,5786000000.0,109.38392857142857,,,9829805368.86458,5.844117341774424,1.3728778448134888
TME,2024-03-31,6768000000,2771000000,1959000000,2525000000.0,812000000,1422000000,1681000000,1861000000,180000000,1.1,1.02,0.08,7.8431,79176000000.0,18421000000.0,10218000000.0,97000000.0,5647000000.0,59316000000.0,18391000000.0,1561621328,2808000000.0,11000000.0,5493000000.0,2686000000,165000000.0,,-1349000000.0,1422000000,-1.8134339184680104,21.01063829787234,7.843137254901968,2851000000.0,0.31055701665655133,5744000000.0,105.34020618556701,37.307919621749406,0.9486638537271449,7258976061.206612,5.104765162592554,1.0725437442681163
TME,2023-12-31,6893000000,2641000000,1714000000,2525000000.0,1071000000,1306000000,1537000000,1717000000,180000000,1.0,0.98,0.02,2.0408,75536000000.0,18334000000.0,13567000000.0,115000000.0,5636000000.0,55907000000.0,16969000000.0,1572742527,3097000000.0,8000000.0,5006000000.0,1977000000,165000000.0,,-1349000000.0,1306000000,4.93225757345106,18.94675758015378,2.040816326530614,2142000000.0,0.32793746758008835,5751000000.0,117.97391304347826,36.63136515305382,1.0329249617151608,5900084944.457445,4.517676067731581,0.8559531328097265
TME,2023-09-30,6569000000,2342000000,1425000000,2525000000.0,1268000000,1168000000,1255500000,1474000000,218500000,0.89,0.88,0.01,1.1364,72956000000.0,17788000000.0,12381000000.0,113000000.0,5712000000.0,53934000000.0,15666000000.0,1586685736,2502000000.0,5000000.0,5050000000.0,1441000000,165000000.0,,-1349000000.0,1168000000,-9.840790557233047,17.780484091947024,1.1363636363636374,1606000000.0,0.32981050914080173,5825000000.0,109.56637168141593,38.43811843507383,1.1549657534246576,4728387250.35801,4.048276755443502,0.719803204499621
TME,2023-06-30,7286000000,2497000000,1539000000,,1255000000,1298000000,1358500000,1577000000,218500000,0.97,0.98,-0.01,-1.0204,72466000000.0,17754000000.0,12950000000.0,122000000.0,5747000000.0,53577000000.0,14498000000.0,1584413300,2459000000.0,6000000.0,5217000000.0,2067000000,0.0,,,1298000000,4.0262707024557365,17.814987647543234,-1.020408163265307,2067000000.0,0.3313735371521362,5869000000.0,106.14754098360656,,,5116641951.661185,3.941942951973178,0.7022566499672228
TME,2023-03-31,7004000000,2315000000,1381000000,2580000000.0,1229000000,1148000000,1182500000,1401000000,218500000,0.89,0.79,0.1,12.6582,69113000000.0,17050000000.0,12129000000.0,115000000.0,5463000000.0,50980000000.0,13200000000.0,1582648934,2722000000.0,12000000.0,5320000000.0,2494000000,85000000.0,74000000.0,-3145000000.0,-1465000000,-5.6700336700336695,16.3906339234723,12.65822784810126,2579000000.0,0.3344448803452334,5578000000.0,105.4695652173913,36.83609366076528,2.739547038327526,5740622842.25984,5.000542545522508,0.8196206228240777
TME,2022-12-31,7425000000,2447000000,1388000000,2580000000.0,1361000000,1151000000,1271500000,1490000000,218500000,0.91,0.89,0.02,2.2472,69113000000.0,17050000000.0,12129000000.0,115000000.0,5536000000.0,50980000000.0,13200000000.0,1582648934,2722000000.0,12000000.0,5320000000.0,2494000000,85000000.0,74000000.0,-3145000000.0,-1465000000,0.8146639511201537,15.501683501683502,2.247191011235957,2579000000.0,0.3344448803452334,5651000000.0,105.4695652173913,34.74747474747475,2.732406602953953,4860116680.855705,4.222516664514079,0.6545611691388156
TME,2022-09-30,7365000000,2403000000,1261000000,2580000000.0,1437000000,1061000000,1082500000,1269000000,186500000,0.86,0.71,0.15,21.1268,66755000000.0,18461000000.0,8582000000.0,99000000.0,5641000000.0,47224000000.0,10970000000.0,1603399790,2916000000.0,20000000.0,4838000000.0,1252000000,85000000.0,74000000.0,-3145000000.0,1061000000,6.6618392469225185,14.405974202308213,21.126760563380287,1337000000.0,0.3909241063865831,5740000000.0,86.68686868686869,35.03054989816701,2.9641847313854854,2918843174.3398304,2.7510303245427243,0.3963127188513008
TME,2022-06-30,6905000000,2063000000,1045000000,,1341000000,856000000,852500000,1039000000,186500000,0.63,0.56,0.07,12.5,66308000000.0,18032000000.0,10044000000.0,88000000.0,5331000000.0,47238000000.0,15659000000.0,1624292064,3134000000.0,23000000.0,5738000000.0,1241000000,0.0,,-967000000.0,856000000,3.9283564118001157,12.396813902968864,12.499999999999991,1241000000.0,0.3817265760616453,5419000000.0,114.13636363636364,,1.1296728971962617,2946575846.0397406,3.4422615023828746,0.42673075250394504
TME,2022-03-31,6644000000,1860000000,749000000,,1342000000,609000000,582500000,769000000,186500000,0.54,0.53,0.01,1.8868,65997000000.0,16776000000.0,8353000000.0,86000000.0,5041000000.0,48432000000.0,14803000000.0,1651065050,2513000000.0,23000000.0,5179000000.0,2494000000,159000000.0,88000000.0,-319000000.0,609000000,-12.659392664650982,9.166164960866947,1.8867924528301903,2653000000.0,0.34638255698711595,5127000000.0,97.12790697674419,,0.5238095238095238,3736951415.5900726,6.136209221001761,0.5624550595409501
TME,2021-12-31,7607000000,2192000000,682000000,2339000000.0,1817000000,536000000,495500000,682000000,186500000,0.5,0.5,0.0,0.0,65997000000.0,16776000000.0,8353000000.0,86000000.0,5062000000.0,48432000000.0,14803000000.0,1651065050,2513000000.0,23000000.0,5179000000.0,822000000,159000000.0,88000000.0,-3584000000.0,536000000,-2.536835361947465,7.046141711581439,0.0,981000000.0,0.34638255698711595,5148000000.0,97.12790697674419,30.74799526751676,6.686567164179104,4984912858.975436,9.300210557789994,0.6553060153773415
TME,2021-09-30,7805000000,2309000000,919000000,,1638000000,740000000,764500000,920000000,155500000,0.61,0.49,0.12,24.4898,66392000000.0,15777000000.0,5078000000.0,101000000.0,5148000000.0,49953000000.0,13660000000.0,1668749984,2686000000.0,27000000.0,4481000000.0,1595000000,159000000.0,,,740000000,-2.534965034965031,9.481101857783472,24.489795918367346,1754000000.0,0.31583688667347304,5249000000.0,50.277227722772274,,,6128877543.563015,8.282266950760832,0.7852501657351717
TME,2021-06-30,8008000000,2437000000,1035000000,,1677000000,827000000,858500000,1014000000,155500000,0.66,0.62,0.04,6.4516,68055000000.0,15697000000.0,6822000000.0,101000000.0,5126000000.0,51775000000.0,12864000000.0,1687866140,2599000000.0,21000000.0,4403000000.0,944000000,159000000.0,,,827000000,2.3517382413087873,10.327172827172827,6.451612903225811,1103000000.0,0.3031772090777402,5227000000.0,67.54455445544555,,,10912729799.5089,13.195562030845103,1.3627284964421702
TME,2021-03-31,7824000000,2466000000,1164000000,,1555000000,926000000,1201500000,1357000000,155500000,0.69,0.55,0.14,25.4545,68273000000.0,15542000000.0,11128000000.0,103000000.0,5213000000.0,52245000000.0,11111000000.0,3364932614,2800000000.0,18000000.0,3565000000.0,1878000000,108000000.0,,-327000000.0,926000000,-6.130773845230952,11.835378323108385,25.454545454545435,1986000000.0,0.29748301272849076,5316000000.0,108.03883495145631,,0.3531317494600432,17831981899.18641,19.256999891130032,2.279138790795809
TME,2020-12-31,8335000000,2697000000,1296000000,1667000000.0,1679000000,1197000000,1145500000,1301000000,155500000,0.8,0.81,-0.01,-1.2346,68273000000.0,15542000000.0,11128000000.0,103000000.0,5175000000.0,52245000000.0,11111000000.0,1682466307,2800000000.0,18000000.0,3565000000.0,1864000000,108000000.0,,-180000000.0,1197000000,10.033003300330034,14.361127774445112,-1.234567901234569,1972000000.0,0.29748301272849076,5278000000.0,108.03883495145631,20.0,0.15037593984962405,11619908029.583391,9.707525505082199,1.3941101415217025
TME,2020-09-30,7575000000,2458000000,1260000000,1667000000.0,1432000000,1132000000,1191500000,1293000000,101500000,0.8,0.71,0.09,12.6761,64069000000.0,14624000000.0,9641000000.0,75000000.0,5399000000.0,49341000000.0,9965000000.0,1680954969,2162000000.0,25000000.0,3207000000.0,516000000,108000000.0,,-180000000.0,1132000000,9.275822273514134,14.943894389438944,12.67605633802818,624000000.0,0.2963863723880748,5474000000.0,128.54666666666665,22.006600660066006,0.15901060070671377,10836465374.59908,9.572849270847243,1.430556485095588
TME,2020-06-30,6932000000,2170000000,1107000000,,1209000000,939000000,992500000,1099000000,106500000,0.69,0.65,0.04,6.1538,58359000000.0,9043000000.0,11776000000.0,74000000.0,,49215000000.0,8833000000.0,1675075868,2170000000.0,30000000.0,3063000000.0,1439000000,65000000.0,,-152000000.0,939000000,9.83996197116146,13.545874206578187,6.153846153846142,1504000000.0,0.1837447932540892,74000000.0,159.13513513513513,,0.16187433439829607,8957590463.860989,9.5394999615133,1.2922086647231663
TME,2020-03-31,6311000000,1977000000,1047000000,,1162000000,887000000,934500000,1036000000,101500000,0.66,0.63,0.03,4.7619,52456000000.0,8502000000.0,12266000000.0,67000000.0,,43867000000.0,7894000000.0,1675470938,2084000000.0,26000000.0,2644000000.0,1066000000,65000000.0,,-152000000.0,887000000,-13.464966406142874,14.054824908889241,4.761904761904765,1131000000.0,0.19381311692160394,67000000.0,183.07462686567163,,0.1713641488162345,8409873660.360208,9.481255535919061,1.3325738647377923
TME,2019-12-31,7293000000,2488000000,1202000000,1159000000.0,1418000000,1042000000,1059000000,1194000000,135000000,0.8,0.7,0.1,14.2857,52678000000.0,9000000000.0,15426000000.0,69000000.0,0.0,43590000000.0,7007000000.0,1677532969,2198000000.0,26000000.0,2559000000.0,2033000000,95000000.0,32000000.0,-31000000.0,1042000000,12.079299216228678,14.287673111202523,14.285714285714299,2128000000.0,0.20646937370956642,69000000.0,223.56521739130434,15.891951186068834,0.029750479846449136,8617867853.57967,8.270506577331737,1.1816629444096627
TME,2019-09-30,6507000000,2211000000,1188000000,1159000000.0,1237000000,1026000000,1095000000,1186000000,91000000,0.74,0.66,0.08,12.1212,49941000000.0,8306000000.0,20036000000.0,57000000.0,0.0,41540000000.0,5980000000.0,1665903469,1734000000.0,32000000.0,2496000000.0,1352000000,95000000.0,32000000.0,-31000000.0,1026000000,10.32553407934893,15.767634854771783,12.121212121212114,1447000000.0,0.19995185363505055,57000000.0,351.50877192982455,17.811587521131088,0.030214424951267055,9221048649.232489,8.98737685110379,1.417096764904332
TME,2019-06-30,5898000000,1941000000,1085000000,0.0,1050000000,927000000,920000000,1082000000,162000000,0.67,0.61,0.06,9.8361,48892000000.0,7868000000.0,19350000000.0,59000000.0,0.0,40925000000.0,4954000000.0,1674868688,1685000000.0,27000000.0,2453000000.0,1889000000,25000000.0,0.0,0.0,927000000,2.8242677824267703,15.717192268565617,9.836065573770501,1914000000.0,0.19225412339645692,59000000.0,327.96610169491527,0.0,-0.0,10392745329.896084,11.211160010675387,1.762079574414392
TME,2019-03-31,5736000000,2033000000,1147000000,937000000.0,1039000000,987000000,1078750000,1142000000,63250000,0.72,0.69,0.03,4.3478,44605000000.0,6833000000.0,17356000000.0,338000000.0,0.0,37721000000.0,3040000000.0,1563457531,1483000000.0,35000000.0,1830000000.0,926000000,132000000.0,19000000.0,0.0,987000000,0.0,17.207112970711297,4.347826086956526,1058000000.0,0.1811457808647703,338000000.0,51.349112426035504,16.33542538354254,-0.0,12493481614.233456,12.65803608331657,2.178082568729682
TME,2018-12-31,5736000000,2033000000,1147000000,0.0,1039000000,987000000,1078750000,1142000000,63250000,0.57,0.57,0.0,0.0,44605000000.0,6833000000.0,17356000000.0,338000000.0,0.0,37721000000.0,3040000000.0,1563457531,1483000000.0,35000000.0,1830000000.0,926000000,132000000.0,19000000.0,1125390710.18,987000000,15.435701348359832,17.207112970711297,0.0,1058000000.0,0.1811457808647703,338000000.0,51.349112426035504,0.0,-1.1402134854913881,9165583981.456558,9.28630595892255,1.5979051571576985
TME,2018-09-30,4969000000,1963000000,1062000000,0.0,977000000,964000000,1062000000,1058000000,-4000000,0.09,0.0,0.09,,39695000000.0,5572000000.0,11529000000.0,205000000.0,0.0,34079000000.0,3936000000.0,1635275043,1910000000.0,36000000.0,1738000000.0,1644000000,47000000.0,0.0,-2855000000.0,964000000,10.348656451254712,19.40028174683035,inf,1691000000.0,0.16350245018926612,205000000.0,56.239024390243905,0.0,2.961618257261411,,,
TME,2018-06-30,4503000000,1795000000,1014000000,0.0,833000000,904000000,1014000000,1007000000,-7000000,,,,,35947000000.0,4810000000.0,9529000000.0,105000000.0,0.0,31115000000.0,2972000000.0,1624292064,1602000000.0,31000000.0,1487000000.0,1982000000,3149370.13,0.0,0.0,904000000,9.402332361516041,20.075505218743057,,1985149370.13,0.15458781937972038,105000000.0,90.75238095238095,0.0,-0.0,,,
TME,2018-03-31,4116000000,1683000000,933000000,0.0,810000000,841000000,867250000,933000000,65750000,,,,,0.0,0.0,-5174000000.0,0.0,0.0,26148000000.0,0.0,1624292064,0.0,0.0,0.0,74000000,7801926.6,0.0,0.0,841000000,14.779698828778587,20.432458697764822,,81801926.6,0.0,0.0,-inf,0.0,-0.0,,,
TME,2017-12-31,3586000000,1394000000,650000000,797000000.0,845000000,536000000,726000000,549000000,-177000000,,,,,30000000000.0,3852000000.0,5174000000.0,229000000.0,,26141000000.0,1227000000.0,1635450566,1302000000.0,30000000.0,1045000000.0,-253000000,27000000.0,,,536000000,23.230240549828185,14.947016174010038,,-226000000.0,0.14735473011744005,229000000.0,22.593886462882097,22.22532069157836,,,,
TME,2017-09-30,2910000000,1034000000,464000000,0.0,592000000,394000000,457000000,442000000,-15000000,,,,,,,,,,,,1635450566,,,,823000000,25000000.0,,,394000000,29.76588628762542,13.539518900343642,,848000000.0,,0.0,,0.0,,,,
TME,2017-06-30,2242500000,691000000,209500000,0.0,472500000,198000000,209500000,316000000,106500000,,,,,,,,,,,,1301604587,,,,965000000,12500000.0,,,198000000,0.0,8.82943143812709,,977500000.0,,0.0,,0.0,,,,
TME,2017-03-31,2242500000,691000000,209500000,0.0,472500000,198000000,209500000,316000000,106500000,,,,,,,-3332000000.0,,,20634000000.0,,1301604587,,,,965000000,12500000.0,,,198000000,83.94030901151667,8.82943143812709,,977500000.0,,0.0,,0.0,,,,
TME,2016-12-31,1219145500,325290500,118042500,123840000.0,219709000,113728000,118042500,183943500,65901000,,,,,23535000000.0,2523000000.0,3071000000.0,,,20625000000.0,-40000000.0,1374983931,719000000.0,14000000.0,998000000.0,297232500,10488000.0,,,113728000,0.0,9.32850098696177,,307720500.0,0.12232727272727273,0.0,,10.157934389291515,,,,
TME,2016-09-30,1219145500,325290500,118042500,123840000.0,219709000,113728000,118042500,183943500,65901000,,,,,23535000000.0,2523000000.0,3071000000.0,,,20625000000.0,-40000000.0,1374983931,719000000.0,14000000.0,998000000.0,297232500,10488000.0,,,113728000,26.815394321241538,9.32850098696177,,307720500.0,0.12232727272727273,0.0,,10.157934389291515,,,,
TME,2016-06-30,961354500,290709500,-71042500,100660000.0,355291000,-72728000,-71042500,-46443500,24599000,,,,,4465061000.0,1927879000.0,674464000.0,,,2491141000.0,-974491000.0,1311089735,141743000.0,3295000.0,165485000.0,139267500,10012000.0,,,-72728000,0.0,-7.565159366289959,,149279500.0,0.7738939706744821,0.0,,10.47064324346534,,,,
TME,2016-03-31,961354500,290709500,-71042500,100660000.0,355291000,-72728000,-71042500,-46443500,24599000,,,,,4465061000.0,1927879000.0,674464000.0,,,2491141000.0,-974491000.0,1311089735,141743000.0,3295000.0,165485000.0,139267500,10012000.0,,,-72728000,,-7.565159366289959,,149279500.0,0.7738939706744821,0.0,,10.47064324346534,,,,
