ticker,fiscalDateEnding,totalRevenue,grossProfit,operatingIncome,researchAndDevelopment,operatingExpenses,netIncome,ebit,ebitda,depreciationAndAmortization,reportedEPS,estimatedEPS,surprise,surprisePercentage,totalAssets,totalLiabilities,cashAndCashEquivalentsAtCarryingValue,shortTermDebt,longTermDebt,totalShareholderEquity,retainedEarnings,commonStockSharesOutstanding,currentNetReceivables,inventory,currentAccountsPayable,operatingCashflow,capitalExpenditures,dividendPayout,proceedsFromRepurchaseOfEquity,cashflowNetIncome,revenueGrowthPct,netIncomeMarginPct,epsSurprisePct,freeCashFlow,debtToEquityRatio,totalDebt,cashRatio,rdIntensityPct,buybackRatio,marketCap,peRatio,psRatio
TSEM,2025-06-30,372061000,80026000,39865000,19418000,40161000,46551000,54252000,128888000,74636000,0.41,0.37,0.04,10.8108,3203410000,428973000,265293000,33079000,143018000,2774437000,,113282000,215316000,286747000,135686000,123642964,111752834,,,46551000,3.878325934612059,12.511658034569601,10.810810810810805,235395798,0.15461623385212928,176097000,8.019982466217238,5.2190366633428384,,4422162518.021393,94.99607995577738,11.885584670313182
TSEM,2025-03-31,358170000,73171000,32898000,20172000,40273000,40142000,32898000,107126000,74228000,0.45,0.38,0.07,18.4211,3108605000,406590000,274818000,27490000,134835000,2715153000,,113152000,219496000,276072000,118318000,93922000,111411000,,,39717000,-7.495267193710598,11.207527151911103,18.42105263157895,205333000,0.14974846721344984,162325000,9.997017097126228,5.631962475919257,,4765261500.0,118.71011658611927,13.304468548454645
TSEM,2024-12-31,387191000,86853000,46419000,20622000,40434000,55138000,46419000,130850000,84431000,0.59,0.53,0.06,11.3208,3080485000,440305000,271894000,48376000,132437000,2653318000,675479000.0,112967000,240764000,268295000,130624000,100816000,93396000,,,55138000,4.501608584877137,14.24051695416474,11.32075471698112,194212000,0.16594505445634486,180813000,5.620431618984621,5.32605354979842,,5284394813.761139,95.83943584753054,13.648031110643426
TSEM,2024-09-30,370512000,93061000,55762000,19867000,37299000,54647000,55762000,121110000,65348000,0.57,0.53,0.04,7.5472,3059829000,452169000,270979000,61694000,131614000,2620385000,,112474000,195794000,272377000,129703000,124743000,127624000,,,54840000,5.504568869044735,14.749049963294036,7.547169811320741,252367000,0.17255823094697917,193308000,4.392307193568256,5.362039556073758,,4954750568.021393,90.66829959597769,13.372712808279875
TSEM,2024-06-30,351181000,86922000,48878000,18994000,31774000,53445000,48878000,114445000,65567000,0.53,0.45,0.08,17.7778,2962167000,449454000,265313000,61365000,126715000,2525438000,565694000.0,111979000,165161000,276082000,123782000,113085000,112615000,,,56750000,7.316693049095768,15.218647933686619,17.777777777777782,225700000,0.17797071240711512,188080000,4.323523180966349,5.408606957665705,,4209127554.652405,78.75624576017223,11.985635768029605
TSEM,2024-03-31,327238000,72606000,33985000,19951000,38621000,44634000,33985000,93529000,59544000,0.46,0.39,0.07,17.9487,2976915000,514346000,260497000,57700000,151699000,2462569000,565694000.0,111627000,159398000,299377000,169526000,110038000,98018000,,,44634000,-6.958269715760956,13.639613981261345,17.94871794871795,208056000,0.20886561960294311,209399000,4.514679376083189,6.096785825607051,,3686630663.761139,82.59691409600616,11.265900243129279
TSEM,2023-12-31,351711000,84417000,45167000,20849000,39250000,53847000,45167000,110345000,65178000,0.55,0.52,0.03,5.7692,2918517000,491478000,260664000,58952000,172611000,2432499000,467615000.0,111308000,180176000,282688000,139128000,119711628,143054444,,,53847000,-1.8025111191148246,15.310013050487475,5.7692307692307745,262766072,0.2020465373264285,231563000,4.421631157551906,5.927878286434033,,3069949549.9019623,57.012452873919855,8.728613975400151
TSEM,2023-09-30,358167000,86868000,362156000,20176000,38213000,342055000,48655000,115532000,66877000,0.54,0.5,0.04,8.0,2835794000,486982000,314816000,47671000,179901000,2351452000,467615000.0,111242000,150162000,304245000,106362000,402242000,101080000,,,337737000,0.27324316682111327,95.50153978451392,8.000000000000007,503322000,0.20709842259165825,227572000,6.603931111157727,5.633126446601725,,3330076945.5436707,9.735501441416353,9.297553782296164
TSEM,2023-06-30,357191000,86517000,50529000,19452000,36839000,51190000,49678000,113257000,63579000,0.45,0.49,-0.04,-8.1633,2534076000,522971000,318195000,41300000,178865000,2013745000,71713000.0,111234000,163293000,330819000,154507000,2767000,15812000,,,-32662000,0.4443057160774089,14.331268145054047,-8.163265306122446,18579000,0.2597007068918855,220165000,7.704479418886199,5.445825902668321,,4388525463.565063,85.73013212668614,12.286215116184517
TSEM,2023-03-31,355611000,95717000,26102000,19331000,37960000,71402000,26102000,88489000,62387000,0.36,0.47,-0.11,-23.4043,2577086000,600834000,304934000,42224000,201445000,1978892000,71713000.0,111071000,144195000,358715000,191006000,72727000,105245000,,,81368000,-11.808733046150188,20.078681480606615,-23.404255319148934,177972000,0.30362142047165785,243669000,7.221816976127321,5.435996074362154,,4685653704.652405,65.62356383087875,13.176346357824714
TSEM,2022-12-31,403227000,124726000,85140000,20706000,39586000,83324000,81475000,151441000,69966000,0.69,0.57,0.12,21.0526,2547608000,659067000,340759000,62275000,210069000,1895159000,-50879000.0,110938000,152935000,302108000,150930000,132750000,38186000,,,85842000,-5.586683743593223,20.66429083369913,21.05263157894737,170936000,0.3477634330417659,272344000,5.47184263348053,5.135072800184512,,4843748245.543671,58.13148967336746,12.01246009206643
TSEM,2022-09-30,427087000,124511000,79208000,22406000,41270000,69135000,83241000,158199000,74958000,0.73,0.61,0.12,19.6721,2384410000,631484000,390369000,61186000,202142000,1769647000,-50879000.0,110825000,165086000,269405000,143992000,122402000,45134000,,,66682000,0.2156426573557857,16.18756834087668,19.672131147540984,167536000,0.3568417882210407,263328000,6.380037917170594,5.246237885957663,,5201423013.565063,75.23574186106984,12.178837130526247
TSEM,2022-06-30,426168000,112440000,70674000,20481000,41766000,58077000,70674000,137681000,67007000,0.58,0.57,0.01,1.7544,2324423000,635873000,211177000,79535000,200733000,1705271000,-203338000.0,110561000,170552000,249038000,127762000,106974000,87714000,,,40367000,1.1958245870653306,13.62772427774962,1.7543859649122824,194688000,0.37288677283551996,280268000,2.6551455334129628,4.8058512136059015,,5411094399.803925,93.17103844557957,12.697092226079679
TSEM,2022-03-31,421132000,104631000,63060000,20318000,41571000,54033000,63060000,133840000,70780000,0.55,0.51,0.04,7.8431,2270152000,612495000,203484000,78165000,190383000,1664275000,-203338000.0,110539000,176443000,247826000,109077000,136571000,80840000,,,55774000,2.189717258582702,12.830418966024904,7.843137254901968,217411000,0.3680251160415196,268548000,2.6032623296872,4.824615559966946,,5252999858.912659,97.21836394263984,12.473523405755579
TSEM,2021-12-31,412108000,100173000,55863000,22371000,44310000,51739000,55863000,121061000,65198000,0.55,0.46,0.09,19.5652,2231241000,615852000,210930000,83868000,230972000,1622007000,-315448000.0,110267000,160259000,234512000,78712000,133656000,120495000,,,51877000,6.568814551623192,12.554718665980763,19.56521739130435,254151000,0.3796851678198676,314840000,2.5150236085276862,5.428431382064896,,3978152372.6737976,76.88885314122417,9.653179197379806
TSEM,2021-09-30,386706000,85376000,44165000,21591000,41211000,39085000,44165000,113647000,69482000,0.41,0.37,0.04,10.8108,2155036000,595580000,211503000,105414000,212271000,1564387000,-315448000.0,109825000,144878000,220668000,92989000,106974000,87714000,,,40367000,6.784154106997886,10.107161512880586,10.810810810810805,194688000,0.3807114224293605,317685000,2.0064033240366554,5.583311352810663,,3296439677.2281647,84.34027573821581,8.52440788927031
TSEM,2021-06-30,362138000,73755000,34003000,21081000,39752000,30866000,34003000,99485000,65482000,0.34,0.33,0.01,3.0303,2132392000,614783000,215755000,104062000,234500000,1522540000,-406272000.0,109629000,144868000,209306000,100426000,93250000,56184000,,,31317000,4.2982137817023425,8.523270134589577,3.030303030303033,149434000,0.40378774941873447,338562000,2.073331283273433,5.821261508043895,,3173103454.4563293,102.80254825556695,8.762138893063774
TSEM,2021-03-31,347214000,69814000,32480000,20343000,37334000,28322000,32480000,94533000,62053000,0.31,0.31,0.0,0.0,2077649000,599620000,215581000,101295000,241634000,1480939000,-406272000.0,109462000,164166000,197189000,85288000,87413000,49415000,,,30514000,0.5802248479915173,8.156929156082416,0.0,136828000,0.4048917612406723,342929000,2.12824917320697,5.858922739290466,,3143951454.652405,111.00739547533384,9.054794606935218
TSEM,2020-12-31,345211000,69609000,33379000,19913000,36230000,31032000,33379000,96334000,62955000,0.34,0.33,0.01,3.0303,2094149000,639247000,211683000,100710000,283765000,1457812000,-465460000.0,108985000,180901000,199126000,96940000,73010000,121350000,,,30058000,11.282284373267304,8.989284814215075,3.030303030303033,194360000,0.43849755661223805,384475000,2.1019064641048555,5.76835616478038,,2742548045.347595,88.37806281733678,7.944555779936315
TSEM,2020-09-30,310212000,53461000,19089000,19569000,34372000,15198000,19089000,79366000,60277000,0.18,0.18,0.0,0.0,1984685000,571128000,207704000,86717000,229266000,1419422000,-465460000.0,108500000,118111000,204933000,104354000,68612000,66862000,,,15726000,0.03934341642748418,4.8992302038605855,0.0,135474000,0.40236659710783684,315983000,2.395193560662846,6.30826660477351,,2181929045.347595,143.56685388522143,7.033670668277162
TSEM,2020-06-30,310090000,57705000,22127000,19424000,35578000,19052000,22362000,82630000,60268000,0.22,0.23,-0.01,-4.3478,2005876000,613732000,258793000,79668000,219764000,1398009000,-511326000.0,108277000,128401000,210129000,154517000,66603000,62537000,,1127000.0,21474000,3.3044497969490827,6.1440227030862005,-4.347826086956525,129140000,0.43900432686770974,299432000,3.248393332329166,6.263987874488051,-0.059153894604241024,2157261886.336899,113.23020608528758,6.956889568631361
TSEM,2020-03-31,300171000,52543000,16438000,19414000,36105000,17020000,16438000,73234000,56796000,0.2,0.19,0.01,5.2632,1938176000,577581000,251348000,62885000,220216000,1368419000,-511326000.0,108149000,115194000,198285000,148671000,68336000,62907000,,87000.0,16031000,-1.8118478296424767,5.670101375549271,5.263157894736847,131243000,0.4220790561955074,283101000,3.9969468076647847,6.4676467746717705,-0.005111633372502937,2216687577.3262024,130.2401631801529,7.384749283995464
TSEM,2019-12-31,305710000,54832000,18898000,18877000,35934000,20707000,18898000,75302000,56404000,0.22,0.25,-0.03,-12.0,1932833000,586110000,355561000,65932000,245821000,1354547000,-547398000.0,107995000,140720000,192256000,119199000,71561000,62934000,,1402000.0,19597000,-2.0543249114128415,6.773412711393151,-12.0,134495000,0.43269816403565176,311753000,5.392844142449797,6.174806188871806,-0.06770657265658955,2458874968.2174683,118.74607467124491,8.043161716062505
TSEM,2019-09-30,312122000,58281000,22719000,18722000,35562000,22188000,22719000,75922000,53203000,0.25,0.24,0.01,4.1667,1904422000,581686000,417636000,64774000,254683000,1329001000,-547398000.0,107601000,123519000,187902000,104366000,72735000,43017000,,43000.0,22354000,1.9793245857075537,7.108758754589552,4.1666666666666705,115752000,0.4376866533584249,319457000,6.447586994781857,5.998295538283107,-0.001937984496124031,2157261886.336899,97.22651371628352,6.911598305588516
TSEM,2019-06-30,306064000,53407000,17757000,18812000,35650000,20936000,17757000,70610000,52853000,0.24,0.22,0.02,9.0909,1871498000,576641000,405158000,45173000,275914000,1301122000,-590294000.0,107178000,123789000,174806000,92747000,72156000,43727000,,397000.0,19722000,-1.3037435465823033,6.840399393590883,9.090909090909086,115883000,0.4431874951003826,321087000,8.969030172890886,6.146426891107742,-0.01896255254107757,1768192377.3262024,84.45702986846591,5.777198158967414
TSEM,2019-03-31,310107000,63151000,27342000,19168000,35809000,26216000,27342000,79356000,52014000,0.29,0.29,0.0,0.0,1845991000,578805000,408098000,43148000,265397000,1273947000,-590294000.0,106972000,134223000,173782000,109536000,74868000,41718000,,397000.0,26400000,-7.0394796007074545,8.453856249617067,0.0,116586000,0.4543399372187383,308545000,9.458097710206731,6.1810923326464735,-0.015143423863289594,1856770068.1194303,70.82583415164137,5.987514206771954
TSEM,2018-12-31,333590000,75633000,40239000,18378000,35394000,38073000,40239000,94396000,54157000,0.42,0.42,0.0,0.0,1789977000,553772000,385091000,21628000,220288000,1242966000,-637446000.0,105776000,157406000,170778000,104329000,91496000,48654000,,14000.0,36515000,3.407977780257654,11.413111903834047,0.0,140150000,0.44552465634619126,241916000,17.80520621416682,5.509157948379747,-0.00036771465342893915,1759222374.9509811,46.20656042210966,5.27360644788807
TSEM,2018-09-30,322596000,72621000,38559000,18236000,34062000,33646000,38559000,91323000,52764000,0.37,0.4,-0.03,-7.5,1740657000,587371000,464446000,45697000,247757000,1159064000,-637446000.0,102083000,163747000,159507000,114375000,69471000,40892000,,,33674000,-3.7423389767797133,10.42976354325534,-7.500000000000007,110363000,0.5067632158362265,293454000,10.163599361008382,5.652890922392094,,2439813913.663101,72.51423389594903,7.563063130550599
TSEM,2018-06-30,335138000,78528000,44240000,18173000,34288000,37742000,44240000,97733000,53493000,0.41,0.4,0.01,2.5,1762623000,661948000,486880000,100242000,248685000,1106453000,-709165000.0,101066000,161017000,153413000,126135000,76929000,40148000,,,36009000,7.172140321703813,11.261629537682984,2.4999999999999885,117077000,0.5982612908094606,348927000,4.857045948803894,5.422542355686314,,2900642800.0980377,76.85450691797037,8.655069852114764
TSEM,2018-03-31,312710000,66165000,31905000,18266000,34260000,26118000,31905000,85882000,53977000,0.31,0.42,-0.11,-26.1905,1719524000,651769000,464661000,114763000,229013000,1074109000,-709165000.0,101112000,144352000,148367000,116496000,75001000,40047000,,700000.0,27181000,-12.556555392126711,8.352147356976113,-26.190476190476186,115048000,0.6067996823413638,343776000,4.0488746372959925,5.841194717150075,-0.026801439620185313,3253832727.3262024,124.58200196516587,10.40527238440153
TSEM,2017-12-31,357614000,89358000,54486000,18370000,34872000,147211000,54486000,105796000,51310000,0.58,0.54,0.04,7.4074,1673639000,643933000,445961000,105958000,228723000,1036060000,-773025000.0,106776000,149666000,143315000,115347000,85285000,41349000,4378000.0,3300000.0,148642000,0.8622026923738701,41.16477542825505,7.407407407407393,126634000,0.6215209543848812,334681000,4.208846901602522,5.136823502435587,-0.022416803092160233,3821179309.3048096,25.957158835309926,10.685206142110795
TSEM,2017-09-30,354557000,89118000,55202000,17094000,33916000,55274000,55202000,110216000,55014000,0.59,0.52,0.07,13.4615,1552258000,678471000,480407000,45664000,295485000,880177000,-773025000.0,106384000,150039000,143300000,109385000,103916000,41708000,,13700000.0,54241000,2.752572748428528,15.589594902935211,13.461538461538453,145624000,0.7708347298327496,341149000,10.520475648213035,4.821227616434029,-0.24785613489163077,3387259895.347595,61.2812514988529,9.55349886012008
TSEM,2017-06-30,345059000,91061000,57391000,16432000,33670000,50017000,57391000,109780000,52389000,0.53,0.49,0.04,8.1633,1498508000,684493000,483603000,55295000,297609000,820405000,-975510000.0,105648000,150731000,139010000,95328000,84294000,41312000,,14300000.0,51727000,4.537990790111479,14.495202269756765,8.163265306122456,125606000,0.8343354806467538,352904000,8.745872140338186,4.762084165316656,-0.28590279305036287,2674152672.7718353,53.46487539780146,7.749841832184743
TSEM,2017-03-31,330080000,84768000,52763000,15768000,32005000,45509000,52763000,102461000,49698000,0.49,0.43,0.06,13.9535,1427403000,681512000,432113000,43331000,303152000,753309000,-975510000.0,104915000,133539000,140734000,104084000,82140000,40348000,4378000.0,12756000.0,47046000,-3.0257448314966573,13.787263693650024,13.953488372093023,122488000,0.9046911692280326,346483000,9.972375435600378,4.777023751817741,-0.2802962051462348,2573241295.5436707,56.543569305932245,7.795811002010636
TSEM,2016-12-31,340379000,87731000,55202000,16320000,32529000,48281000,55188000,106964000,51776000,0.52,0.48,0.04,8.3333,1379884000,697270000,355284000,48084000,296144000,690032000,-1071036000.0,103613000,155668000,137532000,99262000,81835000,50744000,4378000.0,10600000.0,52253000,4.343840911808083,14.18448259146422,8.333333333333341,132579000,1.010489368608992,344228000,7.3888195657599205,4.794655369455812,-0.21954806238478905,2013743345.3475952,41.70881600106864,5.916179744777425
TSEM,2016-09-30,326209000,81294000,48960000,15547000,32334000,51213000,48960000,98154000,49194000,0.45,0.41,0.04,9.7561,1379637000,743602000,362833000,41646000,330526000,636035000,-1071036000.0,101805000,137914000,143090000,105745000,86410000,54947000,,22000000.0,52018000,6.9527184978508405,15.699444221342759,9.756097560975618,141357000,1.1691211961605887,372172000,8.712313307400471,4.765962925609042,-0.42957842735243007,1702039318.2174685,33.23451698235738,5.217634455877883
TSEM,2016-06-30,305003000,72728000,40178000,16030000,32550000,38486000,40218000,88335000,48117000,0.39,0.34,0.05,14.7059,1293017000,734248000,311062000,38174000,320444000,563591000,-1170530000.0,100163000,140832000,136125000,98829000,81781000,54323000,,300000.0,40347000,9.69634193272264,12.618236541935653,14.705882352941172,136104000,1.3028029191381694,358618000,8.148530413370358,5.255686009645807,-0.007795042353063452,1392577604.554367,36.18400469142979,4.565783302309705
TSEM,2016-03-31,278043000,61347000,30814000,15237000,31160000,65944000,30187000,78731000,48544000,0.31,0.66,-0.35,-53.0303,1163910000,659543000,244577000,49150000,260201000,516124000,-1170530000.0,98777000,132281000,128031000,104617000,77442000,57533000,2563000.0,72162000.0,64548000,9.206919034414508,23.71719482238359,-53.03030303030303,134975000,1.2778770218009625,309351000,4.976134282807731,5.48008761234773,-1.0942921266529175,1409396131.7825315,21.372621190442366,5.068986206387255
TSEM,2015-12-31,254602000,64530000,34339000,15704000,31182000,22079000,33348000,77011000,43663000,0.88,0.63,0.25,39.6825,966224000,580638000,175575000,33259000,256875000,397343000,-1273654000.0,88970000,117441000,105681000,91773000,54779000,58137000,1570000.0,72162000.0,24071000,4.2677358189212145,8.671966441740441,39.682539682539684,112916000,1.4613016965191283,290134000,5.279022219549596,6.168058381316722,-3.2683545450428007,1576460675.0490189,71.40090923723986,6.191862888150992
TSEM,2015-09-30,244181000,55383000,24055000,15980000,31328000,13551000,24055000,63113000,39058000,0.62,0.57,0.05,8.7719,906889000,582282000,155348000,49224000,206801000,324607000,-1273654000.0,86837000,129949000,104396000,111917000,50822000,40626000,1570000.0,,14002000,3.6593493829623736,5.549571834008379,8.771929824561413,91448000,1.7938060485448557,256025000,3.155940191776369,6.544325725588805,,1443033293.1684494,106.48906303361002,5.909687048412651
TSEM,2015-06-30,235561000,52460000,21506000,15148000,30954000,7787000,83370500,61235500,-22135000,0.62,0.52,0.1,19.2308,853333000,553044000,142503000,40558000,214357000,314039000,-1309284000.0,87558000,118957000,91855000,106677000,47225000,38450000,,-800000.0,7787000,4.130547217936753,3.305725480873319,19.230769230769226,85675000,1.761067892841335,254915000,3.513560826470733,6.4306060850480335,0.10273532811095415,1730070268.2174685,222.1741708254101,7.3444681768945985
TSEM,2015-03-31,226217000,32992000,1994000,14837000,30998000,-73064000,237015500,62834500,-174181000,0.78,0.49,0.29,59.1837,828496000,536457000,134216000,26721000,225841000,292039000,-1309284000.0,63581000,112899000,86153000,108616000,19079000,28122000,,-19000000.0,-75350000,,-32.29819155943187,59.18367346938776,47201000,1.8369361626358123,252562000,5.022865910706934,6.558746690124968,-0.2600459870798204,1804071959.108734,-24.69166701944506,7.974961913157428
