ticker,fiscalDateEnding,totalRevenue,grossProfit,operatingIncome,researchAndDevelopment,operatingExpenses,netIncome,ebit,ebitda,depreciationAndAmortization,reportedEPS,estimatedEPS,surprise,surprisePercentage,totalAssets,totalLiabilities,cashAndCashEquivalentsAtCarryingValue,shortTermDebt,longTermDebt,totalShareholderEquity,retainedEarnings,commonStockSharesOutstanding,currentNetReceivables,inventory,currentAccountsPayable,operatingCashflow,capitalExpenditures,dividendPayout,proceedsFromRepurchaseOfEquity,cashflowNetIncome,marketCap,stockPrice,sharesOutstanding
TTEK,2025-06-30,1369816000,251538000,164985000,None,86977000,113883000,164986000,178683000,13697000,0.43,0.38,0.05,13.1579,4353447000,2611351000,242833000,64109000,862483000,1741940000,1804429000,268113000,1270371000,None,234591000,349598000,4024000,17092000,-25000000,113883000,9641343480.0,35.96,268113000
TTEK,2025-03-31,1322113000,214182000,39603000,None,174579000,5388000,39603000,53479000,13876000,0.33,0.31,0.02,6.4516,4184304000,2610523000,179433000,315870000,764189000,1573658000,1724203000,267439000,1357320000,None,262300000,-5823000,5939000,15351000,-149984000,5412000,7822590750.0,29.25,267439000
TTEK,2024-12-31,1420561000,221477000,22526000,None,198951000,747000,22526000,38589000,16063000,0.35,0.33,0.02,6.0606,4179184000,2487165000,248104000,61184000,888450000,1691897000,1855818000,271886000,1239976000,None,238157000,13063000,3433000,15549000,-25000000,778000,10831938240.0,39.84,271886000
TTEK,2024-09-30,1374474000,245276000,143343000,None,101933000,96154000,150630000,167589000,16959000,0.38,0.37,0.01,2.7027,4192676000,2362263000,232689000,63419000,812634000,1830322000,1870620000,271656000,1203109000,-221263000,197440000,105598000,6811000,15525000,-76000,96154000,12811296960.0,47.16,271656000
TTEK,2024-06-30,1344323000,223172000,128630000,None,94542000,85810000,129130000,148633000,19503000,1.59,1.55,0.04,2.5806,4084905000,2418702000,212321000,65932000,861830000,1666138000,1792121000,270260000,1172314000,None,198341000,140929000,3861000,15522000,-125000,85810000,53462833200.0,197.82,270260000
TTEK,2024-03-31,1251616000,207495000,117683000,None,89812000,76446000,117683000,135414000,17731000,1.4,1.29,0.11,8.5271,4070574000,2485724000,210294000,70793000,951031000,1584794000,1721833000,269375000,1140874000,1,215644000,102935000,4007000,13908000,-111000,76446000,50887631250.0,188.91,269375000
TTEK,2023-12-31,1228267000,190498000,111081000,None,79417000,74972000,111081000,130565000,19484000,1.4,1.34,0.06,4.4776,3950823000,2413136000,198689000,68091000,945319000,1537606000,1659295000,268690000,1129583000,1,207062000,9246000,3456000,13873000,-12670000,74980000,45188284200.0,168.18,268690000
TTEK,2023-09-30,1260612000,212092000,107377000,None,104715000,53649000,107747000,125732000,17985000,1.78,1.44,0.34,23.6111,3825034000,2421528000,168831000,65005000,879529000,1403433000,1598196000,268510000,1093233000,None,173271000,122410000,9579000,13845000,-201000,53658000,40663154400.0,151.44,268510000
TTEK,2023-06-30,1208947000,188846000,97675000,None,89064000,60235000,77975000,97675000,19700000,1.29,1.18,0.11,9.322,3973578000,2520789000,176056000,81060000,906875000,1452716000,1572204000,268265000,1127447000,1,188807000,132930000,7028000,13840000,334000,60238000,43925711100.0,163.74,268265000
TTEK,2023-03-31,1158226000,170846000,109906000,None,82347000,42830000,83289000,100189000,16900000,1.17,1.03,0.14,13.5922,3985036000,2629368000,231388000,78580000,1065000000,1355599000,1525809000,268135000,1111081000,None,235655000,87932000,5298000,12242000,34000,42841000,39391712850.0,146.91,268135000
TTEK,2022-12-31,894766000,153246000,164739000,None,56502000,116706000,96744000,103360000,6616000,1.34,1.21,0.13,10.7438,2731480000,1407513000,164397000,68314000,234120000,1323908000,1495221000,267645000,876775000,None,151256000,25191000,4996000,12186000,57000,116715000,38308028850.0,143.13,267645000
TTEK,2022-09-30,902562000,156035000,94802000,None,61233000,82947000,122139120,122194000,54880,1.26,1.15,0.11,9.5652,2622776000,1439639000,185094000,70369000,246250000,1183087000,1390701000,268335000,857722000,1,147436000,60212000,2181000,12226000,-50000000,82959000,34489097550.0,128.53,268335000
TTEK,2022-06-30,890231000,144584000,83905000,None,60679000,58650000,77005000,83905000,6900000,1.08,1.05,0.03,2.8571,2677706000,1472648000,217384000,87182000,234375000,1205011000,1362284000,270030000,833476000,1,138190000,98427000,2781000,12311000,-50000000,58657000,36872596500.0,136.55,270030000
TTEK,2022-03-31,852744000,135173000,74520000,None,60653000,53040000,68020000,74520000,6500000,0.98,0.9,0.08,8.8889,2645625000,1400983000,194378000,77292000,237500000,1244601000,1359367000,271730000,786600000,None,128683000,95130000,4102000,10769000,-50000000,53049000,44819146200.0,164.94,271730000
TTEK,2021-12-31,858510000,139766000,87220000,None,52546000,68489000,87220000,93331000,6111000,1.19,1.03,0.16,15.534,2640456000,1402511000,205542000,81913000,246875000,1237882000,1360390000,272885000,804592000,None,142847000,82419000,1518000,10793000,-50000000,68499000,46335873000.0,169.8,272885000
TTEK,2021-09-30,892012000,143909000,81836000,None,65184000,82954000,79963000,86957000,6994000,1.05,1,0.05,5,2576562000,1342271000,166568000,79956000,200000000,1234238000,1358726000,272985000,787042000,None,128767000,77834000,2339000,10800000,-15000000,82931000,40767579900.0,149.34,272985000
TTEK,2021-06-30,801633000,125696000,69807000,None,55859000,51903000,69807000,75094000,5287000,0.95,0.88,0.07,7.9545,2510921000,1318426000,234266000,81163000,234020000,1192400000,1294260000,273330000,776579000,None,132602000,69114000,1937000,10831000,-15000000,51924000,33357193200.0,122.04,273330000
TTEK,2021-03-31,754764000,112484000,60807000,None,51907000,45517000,60807000,66093000,5286000,0.83,0.75,0.08,10.6667,2455062000,1307783000,225330000,97826000,238339000,1147198000,1261712000,273680000,751381000,None,124260000,124244000,2502000,9212000,-15000000,45528000,37143849600.0,135.72,273680000
TTEK,2020-12-31,765104000,116310000,66252000,None,50058000,52436000,66252000,72490000,6238000,0.96,0.81,0.15,18.5185,2414872000,1309618000,163438000,95791000,275983000,1105186000,1232563000,273185000,780411000,None,135435000,33180000,1795000,9198000,-15000000,52448000,31629359300.0,115.78,273185000
TTEK,2020-09-30,753364000,125402000,66735000,None,56317000,44654000,72185000,77730000,5545000,0.91,0.8,0.11,13.75,2378558000,1341185000,157515000,118914000,242395000,1037319000,1198567000,273015000,761176000,1,111804000,67929000,2885000,9153000,-15000000,44656000,26072932500.0,95.5,273015000
TTEK,2020-06-30,709771000,114397000,63525000,None,50822000,45497000,63575000,69832000,6257000,0.78,0.73,0.05,6.8493,2289309000,1296283000,141658000,79883000,264672000,992894000,1170087000,273460000,744069000,1,113830000,111351000,3484000,9176000,-20528000,45504000,21636155200.0,79.12,273460000
TTEK,2020-03-31,734133000,97000000,47530000,None,51041000,36397000,45959000,52533000,6574000,0.73,0.71,0.02,2.8169,2343150000,1392912000,134981000,83119000,333041000,950108000,1138485000,277315000,790357000,None,120587000,101223000,2545000,8224000,-60483000,36413000,19583985300.0,70.62,277315000
TTEK,2019-12-31,797623000,109737000,63302000,None,46435000,47310000,63302000,69537000,6235000,0.84,0.77,0.07,9.0909,2352553000,1325788000,110833000,83504000,322496000,1026591000,1110312000,277190000,856726000,None,140228000,-18024000,3331000,8190000,-21177000,47317000,23882690400.0,86.16,277190000
TTEK,2019-09-30,841502000,95041000,20664000,None,55214000,11526000,43128000,50679000,7551000,0.88,0.84,0.04,4.7619,2152302000,1162838000,120732000,12572000,263949000,989286000,1071192000,278090000,898814000,1,206609000,95128000,6199000,8185000,-25000000,11534000,24127088400.0,86.76,278090000
TTEK,2019-06-30,825793000,117987000,64841000,None,53146000,49233000,64841000,71403000,6562000,0.89,0.8,0.09,11.25,2096423000,1080630000,111231000,12526000,324074000,1015633000,1067851000,278840000,881427000,1,179197000,14137000,2821000,8219000,-25000000,49251000,22184510400.0,79.56,278840000
TTEK,2019-03-31,722621000,96471000,47545000,None,48898000,55911000,47573000,54030000,6457000,0.7,0.63,0.07,11.1111,1951865000,961260000,130728000,37239000,231332000,990445000,1026836000,279925000,795693000,None,135393000,114550000,3325000,6616000,-25000000,55944000,16815094750.0,60.07,279925000
TTEK,2018-12-31,717431000,98684000,55711000,0,42973000,41997000,55711000,63985000,8274000,0.7,0.62,0.08,12.9032,1834889000,880586000,66502000,12573000,247581000,954156000,977543000,281830000,822399000,1,119363000,-15302000,3853000,6654000,-25000000,42032000,14590339100.0,51.77,281830000
TTEK,2018-09-30,739343000,89294000,43285000,0,43867000,28802000,46894000,54938000,8044000,0.75,0.74,0.01,1.3514,1949447000,982347000,146185000,12599000,264712000,966971000,944965000,281745000,840385000,0,160222000,109415000,3380000,6641000,-46000,28813000,19192469400.0,68.12,281745000
TTEK,2018-06-30,764795000,109594000,55496000,0,53906000,33322000,55496000,65776000,10280000,0.71,0.65,0.06,9.2308,2033830000,1097537000,214040000,18737000,418950000,936091000,922806000,281950000,859788000,0,131752000,52673000,1781000,6664000,-25006000,33345000,16860610000.0,59.8,281950000
TTEK,2018-03-31,700262000,91425000,42716000,0,46791000,28725000,44634000,54963000,10329000,0.54,0.51,0.03,5.8824,2082793000,1142565000,203177000,15466000,463544000,940046000,896146000,283365000,881625000,-95999,155257000,81268000,2422000,5583000,-25007000,28747000,13757370750.0,48.55,283365000
TTEK,2017-12-31,759749000,94145000,48589000,0,45556000,46034000,48589000,58572000,9983000,0.65,0.53,0.12,22.6415,1970987000,1023866000,173025000,15511000,432431000,946956000,873004000,284375000,851790000,-118000,144628000,-66494000,2143000,5589000,-25000000,46052000,13721093750.0,48.25,284375000
TTEK,2017-09-30,735188000,101024000,54647000,0,46152000,34467000,55376000,66755000,11379000,0.63,0.61,0.02,3.2787,1902745000,974121000,189975000,15588000,341283000,928453000,832559000,286630000,802079000,-49000,177638000,66419000,2723000,5633000,-40000000,34486000,13514604500.0,47.15,286630000
TTEK,2017-06-30,685539000,90250000,45884000,0,44366000,29983000,45884000,57027000,11143000,0.53,0.54,-0.01,-1.8519,1819724000,904690000,138772000,15543000,310270000,914864000,803725000,290805000,766585000,-25000,156556000,21209000,3122000,5738000,-40000000,29975000,13304328750.0,45.75,290805000
TTEK,2017-03-31,663781000,81002000,42956000,0,45195000,26862000,35807000,47850000,12043000,0.48,0.46,0.02,4.3478,1798369000,895501000,171340000,18587000,326862000,902697000,779481000,291350000,721596000,1,143453000,109111000,1865000,5157000,-10000000,26867000,11901647500.0,40.85,291350000
TTEK,2016-12-31,668851000,81361000,39855000,0,41506000,26562000,39855000,51046000,11191000,0.49,0.47,0.02,4.2553,1800423000,927679000,126981000,15483000,372721000,872571000,757776000,290725000,773281000,1,136165000,-58747000,2031000,5144000,-10000000,26589000,12428493750.0,42.75,290725000
TTEK,2016-09-30,728508000,97179000,47189000,0,47358000,31105000,49821000,61574000,11753000,0.59,0.6,-0.01,-1.6667,1797224000,927821000,160459000,15510000,331501000,869259000,736357000,290960000,725152000,0,158773000,52218000,1838000,5157000,-24500000,31184000,10320351200.0,35.47,290960000
TTEK,2016-06-30,666869000,85083000,39085000,0,44993000,25694000,40429000,52854000,12425000,0.5,0.5,0,0,1814329000,950458000,153918000,15498000,349210000,863188000,710409000,293080000,726721000,0,155083000,59560000,4100000,5196000,-25000000,25691000,9010744600.0,30.745,293080000
TTEK,2016-03-31,627384000,74789000,16650000,0,40406000,3744000,34246000,45851000,11605000,0.37,0.35,0.02,5.7143,1752914000,902764000,113667000,17066000,343145000,849426000,689911000,295655000,704346000,1,130473000,6627000,2757000,4669000,-25000000,3738000,8816432100.0,29.82,295655000
TTEK,2015-12-31,560708000,73160000,32930000,0,39229000,23239000,23125000,32930000,9805000,0.39,0.39,0,0,1501203000,657262000,125088000,13041000,177021000,843544000,690837000,298965000,607451000,0,119922000,23615000,3250000,4713000,-25000000,23240000,7779069300.0,26.02,298965000
TTEK,2015-09-30,578394000,85476000,-20046000,0,44759000,-31723000,-19368000,-9467000,9901000,0.5,0.5,0,0,1559242000,702444000,135326000,11904000,180972000,856325000,672309000,299815000,646324000,1,150284000,28749000,4034000,4800000,-25000000,-31681000,7288502650.0,24.31,299815000
TTEK,2015-06-30,575108000,81718000,40721000,0,40997000,26206000,30369000,40721000,10352000,0.43,0.43,0,0,1703522000,749103000,175183000,10708000,225513000,953958000,708833000,303960000,647106000,0,141011000,109332000,8166000,4810000,-6765000,26253000,7793534400.0,25.64,303960000
TTEK,2015-03-31,564763000,69797000,30398000,0,42512000,19017000,27158000,38114000,10956000,0.31,0.31,0,0,1643947000,721043000,98518000,10805000,228007000,922283000,687437000,308615000,684405000,1,136319000,19312000,4959000,4258000,-48568000,19010000,7412932300.0,24.02,308615000
