ticker,fiscalDateEnding,totalRevenue,grossProfit,operatingIncome,researchAndDevelopment,operatingExpenses,netIncome,ebit,ebitda,depreciationAndAmortization,reportedEPS,estimatedEPS,surprise,surprisePercentage,totalAssets,totalLiabilities,cashAndCashEquivalentsAtCarryingValue,shortTermDebt,longTermDebt,totalShareholderEquity,retainedEarnings,commonStockSharesOutstanding,currentNetReceivables,inventory,currentAccountsPayable,operatingCashflow,capitalExpenditures,dividendPayout,proceedsFromRepurchaseOfEquity,cashflowNetIncome,marketCap,stockPrice,sharesOutstanding
YRD,2025-06-30,1674453000,1513594000,744822000,107693000,1132093000,357540000,None,381501000,None,0.5678,None,0,None,14449399000,4467005000,4098851000,None,None,9982394000,4900245000,43525500,5306908000,None,61580000,411224000,0,None,None,357540000,255494685.0,5.87,43525500.0
YRD,2025-03-31,1554526000,1329788000,307477000,85954000,1022311000,247506000,None,307477000,None,2.85,None,0,None,13273959000,3520202000,4043590000,0,None,9753757000,4681618000,43484000,4824894000,None,79882000,478650000,0,None,None,247506000,299169920.0,6.88,43484000.0
YRD,2024-12-31,1452193000,1254961000,295787000,164703000,1156406000,331446000,None,None,None,3.81,None,0,None,12982696000,3440266000,3841284000,0,None,9542430000,4435036000,191165770,566541000,None,43167000,1424082000,0,None,None,331446000,917595696.0,4.8,191165770.0
YRD,2024-09-30,1479088000,1273175000,339272000,150840000,933903000,355442000,336871000,339272000,2401000,0.5634,None,0,None,12457945000,3173092000,3705866000,0,None,9284853000,4225758000,44009000,4842647000,None,42712000,1051044000,0,None,None,355442000,250411210.00000003,5.69,44009000.0
YRD,2024-06-30,1496536000,1249994000,717126000,55812000,532868000,409528000,436175000,438201000,2026000,0.6473,None,0,None,11815769000,2851866000,5496932000,None,None,8963903000,3879702000,86934543,654698000,228412000,43710000,368908000,0,None,None,409528000,408592352.1,4.7,86934543.0
YRD,2024-03-31,1378084000,1144814000,573804000,40521000,571010000,485883000,573226864,573804000,577136,1.6823,None,0,None,10987025000,2385978000,5903995000,18976000,None,8601047000,3470748000,44050643,2102964000,-734070000,41484000,631743000,0,None,None,485883000,214526631.41,4.87,44050643.0
YRD,2023-12-31,1274310000,1089610000,687096000,47586000,407404000,571268000,685290000,687096000,1806000,0.8924,6.45,-5.5576,-86.1643,10276916000,2191367000,5791333000,14414000,None,8085549000,2985369000,44276576,2174345000,-76053000,30902000,631743000,0,None,None,571268000,158952907.84,3.59,44276576.0
YRD,2023-09-30,1310774000,1065414000,693444000,38981000,371970000,554415000,691666000,693444000,1778000,6.2,6.22,-0.02,-0.3215,9351241000,1822235000,5437972000,14414000,None,7529006000,2414683000,44591641,2070394000,-74185000,38025000,459235,0,None,None,554415000,111033186.09,2.49,44591641.0
YRD,2023-06-30,1324206000,977839000,671311000,33018000,306528000,527348000,669533000,671311000,1778000,2.94,2.94,0,0,9370732000,2384191000,5808775000,27664000,392100000,6986541000,1860945000,44781008,2254111000,-709407000,66738000,718058000,0,None,None,527348000,101876793.2,2.275,44781008.0
YRD,2023-03-31,986343000,786598000,542931000,29169000,243667000,427166000,541063000,542931000,1868000,2.37,2.37,0,0,9370732000,2384191000,5808775000,338779000,392100000,6986541000,1860945000,89562016,2254111000,-709407000,66738000,390307000,882000,None,-569819,427166000,190767094.07999998,2.13,89562016.0
YRD,2022-12-31,1088076000,876485000,616145000,32937000,244433000,485235000,588723000,591260000,2537000,0.03,0.24,-0.21,-87.5,8600198000,2153608000,5077211000,247717000,767900000,6446590000,1334804000,90090488,2148395000,1,19887000,471890000,882000,None,-3837000,485235000,136036636.88,1.51,90090488.0
YRD,2022-09-30,840655000,617033000,335606000,33422000,281427000,270320000,327092000,335606000,8514000,0.03,0.24,-0.21,-87.5,7986462000,2438796000,3612972000,0,767900000,5547666000,424249000,44960266,2123881000,1,31711000,342888000,882000,None,None,270320000,48107484.620000005,1.07,44960266.0
YRD,2022-06-30,801124000,612437000,312620000,None,335497000,254488000,303501000,312620000,9119000,1.93,1.5,0.43,28.6667,7739440000,2918008000,2864543000,1036722000,869300000,4821432000,-247833000,85585976,2955970000,-249470000,19065000,666901000,13722000,None,None,254488000,154054756.8,1.8,85585976.0
YRD,2022-03-31,704765000,551824000,227266000,None,324558000,184828000,221006000,227266000,6260000,0.3404,1.22,-0.8796,-72.0984,None,None,-3078395000,None,None,4821432000,None,42767857,None,None,None,367751000,0,None,None,184828000,108630356.78,2.54,42767857.0
YRD,2021-12-31,1020940000,804189000,328800000,None,475389000,330765000,321334000,328800000,7466000,,,,,7739440000,2918008000,2864543000,1036722000,1028600000,4821432000,-247833000,85585976,2955970000,-249470000,19065000,189377000,9404000,None,-2750000,330765000,244775891.35999998,2.86,85585976.0
YRD,2021-09-30,1231991000,1045076000,415005000,None,630071000,320925000,406556000,415005000,8449000,0.4369,1.83,-1.3931,-76.1257,7556413000,3064959000,2328380000,0,1038600000,4491454000,-577603000,42892848,3079305000,-249470000,36799000,323819000,9404000,None,-2750000,320925000,129107472.47999999,3.01,42892848.0
YRD,2021-06-30,1125035000,942368000,284363000,None,658005000,200080000,269212000,284363000,15151000,1.18,1.31,-0.13,-9.9237,7200158000,3037319000,2192500000,0,968600000,4162839000,-878452000,42293401,4095469000,1,64469000,-212993000,9404000,None,None,200080000,254183340.01,6.01,42293401.0
YRD,2021-03-31,1099963000,925438000,259165000,None,666273000,181214000,236222000,259165000,22943000,-6.66,0.52,-7.18,-1380.7692,6702253000,2924589000,2469909000,876519000,799200000,3777664000,-1257594000,83982020,2452398000,-89087000,9903000,-219069000,13722000,None,None,181214000,425788841.40000004,5.07,83982020.0
YRD,2020-12-31,1160851000,563925000,84996000,None,478929000,-559609000,68167000,84996000,16829000,0.327,0,0.327,None,6702253000,2924589000,2469909000,876519000,500500000,3777664000,-1257594000,83982020,2452398000,-89087000,9903000,-219069000,13722000,None,-3050000,-559609000,280499946.8,3.34,83982020.0
YRD,2020-09-30,1022762000,783107000,113366000,None,669741000,79837000,89962000,113366000,23404000,2.45,0.57,1.88,329.8246,8371355000,4030320000,2836229000,None,None,4341035000,-697063000,45682723,368595000,-89087000,24757000,3098000,13722000,None,-3050000,79837000,134307205.62,2.94,45682723.0
YRD,2020-06-30,754689000,589506000,-260236000,None,849742000,-232195000,-260236000,-235868000,24368000,-2.5,1.15,-3.65,-317.3913,8527624000,4267451000,2935543000,None,None,4260173000,-776551000,46403434,82185000,1,40324000,-86768000,13722000,None,None,-232195000,191646182.42,4.13,46403434.0
YRD,2020-03-31,1023660000,920742000,11875000,None,908867000,19219000,-15296000,11875000,27171000,0.2,1.66,-1.46,-87.9518,9757177000,5267087000,3198086000,1410290000,None,4490090000,-533480000,93161138,1440355000,-42097000,43583000,557762000,48005000,None,None,19219000,373576163.38,4.01,93161138.0
YRD,2019-12-31,2363628000,2189686000,501011000,0,1688675000,403985000,470928000,501011000,30083000,4.34,1.26,3.08,244.4444,9757177000,5267087000,3198086000,1410290000,18590000,4490090000,-533480000,93161138,1440355000,-42097000,43583000,88103000,48005000,0,-36843000,403985000,517044315.9,5.55,93161138.0
YRD,2019-09-30,2056108000,1900035000,226836000,0,1673199000,228031000,194683000,226836000,32153000,2.45,3.34,-0.89,-26.6467,10388641000,7464752000,2632952000,0,0,2923889000,-936579000,46587919,91861000,-42097000,62313000,808148000,48005000,0,-36843000,228031000,327047191.38,7.02,46587919.0
YRD,2019-06-30,2216640000,2053695000,168653000,0,1885042000,154461000,137541000,168653000,31112000,3.96,4.13,-0.17,-4.1162,10904284000,8223238000,2706530000,0,0,2681046000,-1160898000,46666808,52387000,1,54158000,-331829000,0,0,0,154461000,645401954.64,13.83,46666808.0
YRD,2019-03-31,1980408000,1808285000,231529000,0,1576756000,369134000,199027000,231529000,32502000,0.56,0.58,-0.02,-3.4483,7519026000,2398115000,2028748000,641496000,0,5120911000,3810730000,62412936,1205343000,58777000,30349000,-658435000,52220000,106626000,0,369134000,903115183.9200001,14.47,62412936.0
YRD,2018-12-31,1270667000,1071088000,291475000,0,779613000,331425000,254839000,291475000,36636000,5.31,4.6,0.71,15.4348,7519026000,2398115000,2028748000,641496000,591243.97,5120911000,3810730000,62412936,1205343000,58777000,30349000,-1453598000,140729000,106626000,-254000,985916000,670939062.0,10.75,62412936.0
YRD,2018-09-30,1121174000,966221000,133252000,0,832969000,151613000,-164755000,-128796000,35959000,0.35,0.52,-0.17,-32.6923,7296109000,2521939000,806946000,0,0,4774170000,3489453000,46256073,2256801000,58777000,33170000,216874000,140729000,106626000,-254000,-135792000,839547724.9499999,18.15,46256073.0
YRD,2018-06-30,1519572000,1372541000,79700000,0,1292841000,204663000,70581000,79700000,9119000,0.5,0.64,-0.14,-21.875,8165805000,3584853000,567502000,0,0,4580952000,3397713000,46409530,2559756000,0,36657000,-1370147000,7831433.71,15990701.86,0,204663000,958820889.8,20.66,46409530.0
YRD,2018-03-31,1592691000,1449951000,330195000,0,1119756000,278904000,291942000,330195000,38253000,0.72,0.99,-0.27,-27.2727,7518664000,4548611000,1857175000,511433000,0,2970053000,1835056000,61872076,930271000,1778509000,33841000,-817030000,70551000,605238000,0,535853000,2463127345.56,39.81,61872076.0
YRD,2017-12-31,1824790000,1677875000,532974000,0,1144901000,448812000,525236000,532974000,7738000,1.16,0.89,0.27,30.3371,7518664000,4548611000,1857175000,511433000,None,2970053000,1835056000,61872076,930271000,1778509000,33841000,1275309000,70551000,605238000,None,448812000,2943873376.08,47.58,61872076.0
YRD,2017-09-30,1513904000,1394868000,378060000,0,1016808000,302974000,371168000,378060000,6892000,0.89,0.7,0.19,27.1429,6982846000,4487179000,1403529000,None,None,2495667000,1396345000,30877458,24050000,1778509000,22634000,346329000,70551000,605238000,None,302974000,1308586670.04,42.38,30877458.0
YRD,2017-06-30,1183057000,1089910000,373416000,0,716494000,269096000,368493000,373416000,4923000,0.66,0.62,0.04,6.4516,5989532000,3236781000,891154000,None,None,2752751000,1783309000,30208351,18109000,1,15153000,530371000,70551000,605238000,None,269096000,755208775.0,25.0,30208351.0
YRD,2017-03-31,1021599000,962815000,392937000,0,569878000,350901000,388761000,392937000,4176000,0.85,0.63,0.22,34.9206,4783388000,2643469000,968225000,347085000,None,2139919000,1177115000,60429695,371033000,1202926000,13691000,564504000,29973000,None,None,350901000,1516181047.55,25.09,60429695.0
YRD,2016-12-31,1071110000,1013155000,396775000,0,617667000,379781000,398062000,396775000,-1287000,0.92,0.33,0.59,178.7879,4783388000,2643469000,968225000,347085000,None,2139919000,1177115000,60429695,371033000,1202926000,13691000,836055000,29973000,605238000,-3140000,379781000,1289569691.3,21.34,60429695.0
YRD,2016-09-30,876711000,814262000,202298000,0,611964000,344281000,199482000,202298000,2816000,0.9,0.19,0.71,373.6842,4031002000,2289936000,1106262000,None,None,1741066000,1177115000,30215493,371033000,1202926000,355340000,450583000,29973000,None,None,344281000,715502874.24,23.68,30215493.0
YRD,2016-06-30,733791000,691138000,262562000,0,428576000,260620000,260253000,262562000,2309000,0.67,0.24,0.43,179.1667,3041343000,1661224000,1336329000,None,None,1380119000,577263000,29250000,50496000,1,5176000,196108000,30000000,None,None,260620000,406575000.0,13.9,29250000.0
YRD,2016-03-31,550116214,513773754,202302052,0,311471700,130160328,200372052,202302052,1930000,0.34,0.15,0.19,126.6667,2195118047.52,1215976312.38,848097856.62,224026216.38,None,979141735.14,189424815.78,51293478,221786538.48,478155002.10,4511814.90,434323000,16397000,None,None,131716000,597056083.9200001,11.64,51293478.0
YRD,2015-12-31,550116214,513773754,202302052,0,311471700,130160328,200372052,202302052,1930000,0.25,0.12,0.13,108.3333,2195118047.52,1215976312.38,848097856.62,224026216.38,None,979141735.14,189424815.78,51293478,221786538.48,478155002.10,4511814.90,434323000,143250.13,605238000,499918000,131716000,484723367.09999996,9.45,51293478.0
YRD,2015-09-30,370660000,343245000,126296000,0,216949000,84444000,125352000,126296000,944000,,,,,1052615484,636354167,126406526,38947000,None,416261317,102673081,28750000,174408037,1,7522909,98832000,2753250.13,None,10000,84444000,,,
YRD,2015-06-30,306199000,287350000,110853000,0,176497000,80031000,110152344,110853000,700656,,,,,1004330118,672775146,110342329,1,None,331554971,16491718,29250000,121021359,1,409963,102147037,3180856,None,None,79887242,,,
YRD,2015-03-31,184342188,171652055,36729367,0,134922687,27441481,36208609,36729367,520758,,,,,694784788,443440684,11000000,None,None,251344104,-43439896,29250000,140858839,2,198384,11332686,0,None,None,27401790,,,
