ticker,company_name,date,year,quarter,month,close_price,open_price,high_price,low_price,volume,shares_outstanding,market_cap,market_cap_billions,revenue,revenue_millions,gross_profit,net_income,operating_income,ebitda,ps_ratio,current_pe,forward_pe,current_ps,current_pb,peg_ratio,revenue_qoq_pct,revenue_yoy_pct,market_cap_yoy_pct,sector,industry,country,employees,year_quarter
5803 JP,FUJIKURA LTD,2015-01-01 00:00:00+09:00,2015,1,1,405.4344482421875,411.1911239778778,417.7701819615238,383.2301275473821,48020000,275900103,111859406029.7677,111.8594060297677,,,,,,,,50.789757,55.42531,4.5006747,11.088819,,,,,Industrials,Electrical Equipment & Parts,Japan,51262,2015-Q1
5803 JP,FUJIKURA LTD,2015-02-01 00:00:00+09:00,2015,1,2,407.07928466796875,399.6778431285511,419.4150205669981,381.5854304766414,51585000,275900103,112313216569.0589,112.3132165690589,,,,,,,,50.789757,55.42531,4.5006747,11.088819,,,,,Industrials,Electrical Equipment & Parts,Japan,51262,2015-Q1
5803 JP,FUJIKURA LTD,2015-03-01 00:00:00+09:00,2015,1,3,433.3955078125,409.54641914729604,453.13268463887573,401.32259546963945,37982000,275900103,119573865245.20605,119.57386524520605,,,,,,,,50.789757,55.42531,4.5006747,11.088819,,,,,Industrials,Electrical Equipment & Parts,Japan,51262,2015-Q1
5803 JP,FUJIKURA LTD,2015-04-01 00:00:00+09:00,2015,2,4,474.2992248535156,436.22284729110424,479.2657088833954,434.56735261447767,36734000,275900103,130859204989.90512,130.85920498990512,,,,,,,,50.789757,55.42531,4.5006747,11.088819,,,,,Industrials,Electrical Equipment & Parts,Japan,51262,2015-Q2
5803 JP,FUJIKURA LTD,2015-05-01 00:00:00+09:00,2015,2,5,571.1456298828125,470.16046054121375,582.7340919384058,458.57199848562044,50440000,275900103,157579138112.66785,157.57913811266783,,,,,,,,50.789757,55.42531,4.5006747,11.088819,,,,,Industrials,Electrical Equipment & Parts,Japan,51262,2015-Q2
5803 JP,FUJIKURA LTD,2015-06-01 00:00:00+09:00,2015,2,6,567.0069580078125,563.6959684720005,613.3608115091811,558.7294841682824,41498000,275900103,156437278116.07214,156.43727811607215,,,,,,,,50.789757,55.42531,4.5006747,11.088819,,,,,Industrials,Electrical Equipment & Parts,Japan,51262,2015-Q2
5803 JP,FUJIKURA LTD,2015-07-01 00:00:00+09:00,2015,3,7,543.8299560546875,569.490121408866,587.7005613376379,514.8588016225503,37767000,275900103,150042740889.97375,150.04274088997374,,,,,,,,50.789757,55.42531,4.5006747,11.088819,,,,,Industrials,Electrical Equipment & Parts,Japan,51262,2015-Q3
5803 JP,FUJIKURA LTD,2015-08-01 00:00:00+09:00,2015,3,8,497.47613525390625,544.65773210827,577.7676246376482,462.7107480980592,56825000,275900103,137253716956.59467,137.25371695659467,,,,,,,,50.789757,55.42531,4.5006747,11.088819,,,,,Industrials,Electrical Equipment & Parts,Japan,51262,2015-Q3
5803 JP,FUJIKURA LTD,2015-09-01 00:00:00+09:00,2015,3,9,407.251708984375,492.5096887107787,495.8206782147167,398.14648784854546,55729000,275900103,112360788455.71509,112.36078845571508,,,,,,,,50.789757,55.42531,4.5006747,11.088819,,,,,Industrials,Electrical Equipment & Parts,Japan,51262,2015-Q3
5803 JP,FUJIKURA LTD,2015-10-01 00:00:00+09:00,2015,4,10,521.2911376953125,417.03291015625,525.461466796875,414.5307126953125,49741000,275900103,143824278583.1239,143.8242785831239,,,,,,,,50.789757,55.42531,4.5006747,11.088819,,,,,Industrials,Electrical Equipment & Parts,Japan,51262,2015-Q4
5803 JP,FUJIKURA LTD,2015-11-01 00:00:00+09:00,2015,4,11,581.3440551757812,512.9506369198069,588.0165837861202,501.2737118517138,51708000,275900103,160392884701.43573,160.39288470143572,,,,,,,,50.789757,55.42531,4.5006747,11.088819,,,,,Industrials,Electrical Equipment & Parts,Japan,51262,2015-Q4
5803 JP,FUJIKURA LTD,2015-12-01 00:00:00+09:00,2015,4,12,549.6494750976562,588.016509778221,603.0296972619202,536.3044195565902,38174000,275900103,151648346793.3393,151.6483467933393,,,,,,,,50.789757,55.42531,4.5006747,11.088819,,,,,Industrials,Electrical Equipment & Parts,Japan,51262,2015-Q4
5803 JP,FUJIKURA LTD,2016-01-01 00:00:00+09:00,2016,1,1,485.4264221191406,549.6495054579273,549.6495054579273,464.5747716844697,45252000,275900103,133929199861.59238,133.92919986159237,,,,,,,,50.789757,55.42531,4.5006747,11.088819,,,,19.729940123186008,Industrials,Electrical Equipment & Parts,Japan,51262,2016-Q1
5803 JP,FUJIKURA LTD,2016-02-01 00:00:00+09:00,2016,1,2,435.3824462890625,493.767065523228,522.1253091512511,385.3384869454921,61479000,275900103,120122061775.54431,120.12206177554431,,,,,,,,50.789757,55.42531,4.5006747,11.088819,,,,6.952739352526627,Industrials,Electrical Equipment & Parts,Japan,51262,2016-Q1
5803 JP,FUJIKURA LTD,2016-03-01 00:00:00+09:00,2016,1,3,442.05499267578125,433.71433243661556,482.9242278476931,425.3736721974499,44938000,275900103,121963018010.9123,121.9630180109123,,,,,,,,50.789757,55.42531,4.5006747,11.088819,,,,1.9980559805496734,Industrials,Electrical Equipment & Parts,Japan,51262,2016-Q1
5803 JP,FUJIKURA LTD,2016-04-01 00:00:00+09:00,2016,2,4,456.1678161621094,448.6070236290357,483.8907221167127,419.2039415559716,42151000,275900103,125856747464.41104,125.85674746441104,,,,,,,,50.789757,55.42531,4.5006747,11.088819,,,,-3.8227784785028973,Industrials,Electrical Equipment & Parts,Japan,51262,2016-Q2
5803 JP,FUJIKURA LTD,2016-05-01 00:00:00+09:00,2016,2,5,485.57086181640625,437.6858460317433,491.45147778996136,428.4448780732996,43786000,275900103,133969050788.94525,133.96905078894525,,,,,,,,50.789757,55.42531,4.5006747,11.088819,,,,-14.983003211276335,Industrials,Electrical Equipment & Parts,Japan,51262,2016-Q2
5803 JP,FUJIKURA LTD,2016-06-01 00:00:00+09:00,2016,2,6,393.1612548828125,484.7308633918436,488.9313041491386,371.3189629448785,41557000,275900103,108473230717.77722,108.47323071777723,,,,,,,,50.789757,55.42531,4.5006747,11.088819,,,,-30.660241584302504,Industrials,Electrical Equipment & Parts,Japan,51262,2016-Q2
5803 JP,FUJIKURA LTD,2016-07-01 00:00:00+09:00,2016,3,7,490.6114501953125,394.0013187356191,504.0528597897046,363.75814714823684,42198000,275900103,135359749641.86609,135.3597496418661,,,,,,,,50.789757,55.42531,4.5006747,11.088819,,,,-9.785872452753107,Industrials,Electrical Equipment & Parts,Japan,51262,2016-Q3
5803 JP,FUJIKURA LTD,2016-08-01 00:00:00+09:00,2016,3,8,488.0912780761719,480.53048375141185,492.2917193677052,443.56660038591866,47830000,275900103,134664433894.61746,134.66443389461747,,,,,,,,50.789757,55.42531,4.5006747,11.088819,,,,-1.8864939466783581,Industrials,Electrical Equipment & Parts,Japan,51262,2016-Q3
5803 JP,FUJIKURA LTD,2016-09-01 00:00:00+09:00,2016,3,9,459.52825927734375,476.3300237847421,480.53046491159165,448.60711234753484,34979000,275900103,126783894066.02985,126.78389406602984,,,,,,,,50.789757,55.42531,4.5006747,11.088819,,,,12.836422571028283,Industrials,Electrical Equipment & Parts,Japan,51262,2016-Q3
5803 JP,FUJIKURA LTD,2016-10-01 00:00:00+09:00,2016,4,10,523.8601684570312,468.7616070497383,549.2902737219357,466.21859652324787,39348300,275900103,144533074434.89227,144.53307443489228,,,,,,,,50.789757,55.42531,4.5006747,11.088819,,,,0.4928207245334493,Industrials,Electrical Equipment & Parts,Japan,51262,2016-Q4
5803 JP,FUJIKURA LTD,2016-11-01 00:00:00+09:00,2016,4,11,523.0125122070312,523.8601824050978,545.0519373567603,478.0859917095067,37717900,275900103,144299205988.20868,144.29920598820868,,,,,,,,50.789757,55.42531,4.5006747,11.088819,,,,-10.033910633370501,Industrials,Electrical Equipment & Parts,Japan,51262,2016-Q4
5803 JP,FUJIKURA LTD,2016-12-01 00:00:00+09:00,2016,4,12,538.2705078125,529.7938069020669,558.6145899975394,513.6880751722441,40533400,275900103,148508888547.33105,148.50888854733105,,,,,,,,50.789757,55.42531,4.5006747,11.088819,,,,-2.070222532848698,Industrials,Electrical Equipment & Parts,Japan,51262,2016-Q4
5803 JP,FUJIKURA LTD,2017-01-01 00:00:00+09:00,2017,1,1,606.931884765625,538.2705961259384,628.1236405186147,538.2705961259384,41567600,275900103,167452569520.82007,167.45256952082008,,,,,,,,50.789757,55.42531,4.5006747,11.088819,,,,25.030665227502325,Industrials,Electrical Equipment & Parts,Japan,51262,2017-Q1
5803 JP,FUJIKURA LTD,2017-02-01 00:00:00+09:00,2017,1,2,706.95703125,597.60756238759,728.9964590827338,594.216881182554,44013300,275900103,195049517738.44922,195.04951773844923,,,,,,,,50.789757,55.42531,4.5006747,11.088819,,,,62.3760988243039,Industrials,Electrical Equipment & Parts,Japan,51262,2017-Q1
5803 JP,FUJIKURA LTD,2017-03-01 00:00:00+09:00,2017,1,3,678.9838256835938,703.5662613200784,723.0626757903938,657.7920708245553,42959600,275900103,187331707441.43756,187.33170744143757,,,,,,,,50.789757,55.42531,4.5006747,11.088819,,,,53.59713993357937,Industrials,Electrical Equipment & Parts,Japan,51262,2017-Q1
5803 JP,FUJIKURA LTD,2017-04-01 00:00:00+09:00,2017,2,4,714.0597534179688,689.3193318539054,715.7659893879041,634.7197808159723,41697800,275900103,197009159516.17218,197.0091595161722,,,,,,,,50.789757,55.42531,4.5006747,11.088819,,,,56.53444371099863,Industrials,Electrical Equipment & Parts,Japan,51262,2017-Q2
5803 JP,FUJIKURA LTD,2017-05-01 00:00:00+09:00,2017,2,5,809.60888671875,708.9409745661552,823.2587731123222,708.9409745661552,48150900,275900103,223371175235.41846,223.37117523541846,,,,,,,,50.789757,55.42531,4.5006747,11.088819,,,,66.73341635249565,Industrials,Electrical Equipment & Parts,Japan,51262,2017-Q2
5803 JP,FUJIKURA LTD,2017-06-01 00:00:00+09:00,2017,2,6,802.7839965820312,822.4057095696897,878.71149466471,794.2528170221797,40149300,275900103,221488187343.73407,221.48818734373407,,,,,,,,50.789757,55.42531,4.5006747,11.088819,,,,104.18695550794111,Industrials,Electrical Equipment & Parts,Japan,51262,2017-Q2
5803 JP,FUJIKURA LTD,2017-07-01 00:00:00+09:00,2017,3,7,793.3997192382812,804.4902529480636,875.2990450951361,749.0375843991515,31253900,275900103,218899064258.01288,218.89906425801288,,,,,,,,50.789757,55.42531,4.5006747,11.088819,,,,61.716510880948384,Industrials,Electrical Equipment & Parts,Japan,51262,2017-Q3
5803 JP,FUJIKURA LTD,2017-08-01 00:00:00+09:00,2017,3,8,762.6874389648438,795.9590386512295,816.433869227467,743.9188442699594,33555000,275900103,210425542967.2066,210.4255429672066,,,,,,,,50.789757,55.42531,4.5006747,11.088819,,,,56.25918208803113,Industrials,Electrical Equipment & Parts,Japan,51262,2017-Q3
5803 JP,FUJIKURA LTD,2017-09-01 00:00:00+09:00,2017,3,9,771.2186279296875,760.9812125146916,791.6934587596792,721.7377867572076,32452900,275900103,212779298881.31946,212.77929888131945,,,,,,,,50.789757,55.42531,4.5006747,11.088819,,,,67.82833533295852,Industrials,Electrical Equipment & Parts,Japan,51262,2017-Q3
5803 JP,FUJIKURA LTD,2017-10-01 00:00:00+09:00,2017,4,10,844.4107666015625,781.6388868032793,857.3090980669631,752.4026688150378,41036600,275900103,232973017479.68005,232.97301747968007,,,,,,,,50.789757,55.42531,4.5006747,11.088819,,,,61.19010710218254,Industrials,Electrical Equipment & Parts,Japan,51262,2017-Q4
5803 JP,FUJIKURA LTD,2017-11-01 00:00:00+09:00,2017,4,11,900.3035888671875,849.5701488068589,915.7815875296607,794.537264673621,47621700,275900103,248393852899.72668,248.39385289972668,,,,,,,,50.789757,55.42531,4.5006747,11.088819,,,,72.13805938753677,Industrials,Electrical Equipment & Parts,Japan,51262,2017-Q4
5803 JP,FUJIKURA LTD,2017-12-01 00:00:00+09:00,2017,4,12,854.729248046875,913.2016714545083,926.9598887268926,836.6715878768706,30180300,275900103,235819887573.24536,235.81988757324535,,,,,,,,50.789757,55.42531,4.5006747,11.088819,,,,58.791766526545345,Industrials,Electrical Equipment & Parts,Japan,51262,2017-Q4
5803 JP,FUJIKURA LTD,2018-01-01 00:00:00+09:00,2018,1,1,918.3611450195312,854.7293802897135,1018.1082356770833,854.7293802897135,39773800,275900103,253375934502.0866,253.3759345020866,,,,,,,,50.789757,55.42531,4.5006747,11.088819,,,,51.31206121658427,Industrials,Electrical Equipment & Parts,Japan,51262,2018-Q1
5803 JP,FUJIKURA LTD,2018-02-01 00:00:00+09:00,2018,1,2,677.5924072265625,923.5206159407717,936.4189485656428,625.999076727078,79266700,275900103,186947814945.82654,186.94781494582654,,,,,,,,50.789757,55.42531,4.5006747,11.088819,,,,-4.153664611202279,Industrials,Electrical Equipment & Parts,Japan,51262,2018-Q1
5803 JP,FUJIKURA LTD,2018-03-01 00:00:00+09:00,2018,1,3,620.8396606445312,670.7132067904909,671.5730955171454,588.1638890316613,51114800,275900103,171289726318.31122,171.2897263183112,,,,,,,,50.789757,55.42531,4.5006747,11.088819,,,,-8.563409442120884,Industrials,Electrical Equipment & Parts,Japan,51262,2018-Q1
5803 JP,FUJIKURA LTD,2018-04-01 00:00:00+09:00,2018,2,4,651.2127685546875,627.7691088867188,659.0273217773437,587.8280590820312,42006400,275900103,179669669919.15344,179.66966991915345,,,,,,,,50.789757,55.42531,4.5006747,11.088819,,,,-8.80136214965953,Industrials,Electrical Equipment & Parts,Japan,51262,2018-Q2
5803 JP,FUJIKURA LTD,2018-05-01 00:00:00+09:00,2018,2,5,644.2664794921875,645.1347631572713,740.6459663164904,634.7153591762656,51738700,275900103,177753188051.34192,177.7531880513419,,,,,,,,50.789757,55.42531,4.5006747,11.088819,,,,-20.4225039940799,Industrials,Electrical Equipment & Parts,Japan,51262,2018-Q2
5803 JP,FUJIKURA LTD,2018-06-01 00:00:00+09:00,2018,2,6,612.1400756835938,639.056873337766,688.5490496696309,586.9598456200133,42439500,275900103,168889509931.5313,168.8895099315313,,,,,,,,50.789757,55.42531,4.5006747,11.088819,,,,-23.747847703757362,Industrials,Electrical Equipment & Parts,Japan,51262,2018-Q2
5803 JP,FUJIKURA LTD,2018-07-01 00:00:00+09:00,2018,3,7,622.5595092773438,609.5352517610813,632.9789152903537,568.7259115434591,39107400,275900103,171764232733.2486,171.7642327332486,,,,,,,,50.789757,55.42531,4.5006747,11.088819,,,,-21.532678398847427,Industrials,Electrical Equipment & Parts,Japan,51262,2018-Q3
5803 JP,FUJIKURA LTD,2018-08-01 00:00:00+09:00,2018,3,8,595.6426391601562,625.1642859989978,643.3982443406353,542.6773315963522,44956100,275900103,164337865495.47894,164.33786549547895,,,,,,,,50.789757,55.42531,4.5006747,11.088819,,,,-21.902130711816724,Industrials,Electrical Equipment & Parts,Japan,51262,2018-Q3
5803 JP,FUJIKURA LTD,2018-09-01 00:00:00+09:00,2018,3,9,466.2683410644531,551.360142599493,561.7795468690897,464.531773686187,74018900,275900103,128643483325.32175,128.64348332532174,,,,,,,,50.789757,55.42531,4.5006747,11.088819,,,,-39.54135388091753,Industrials,Electrical Equipment & Parts,Japan,51262,2018-Q3
5803 JP,FUJIKURA LTD,2018-10-01 00:00:00+09:00,2018,4,10,427.6053771972656,474.14148600928837,484.67796347616144,397.7520243744586,88399600,275900103,117976367612.07944,117.97636761207944,,,,,,,,50.789757,55.42531,4.5006747,11.088819,,,,-49.36050153431637,Industrials,Electrical Equipment & Parts,Japan,51262,2018-Q4
5803 JP,FUJIKURA LTD,2018-11-01 00:00:00+09:00,2018,4,11,432.8736267089844,422.3371489797596,446.04422387051534,392.4837954136227,55279900,275900103,119429878194.99234,119.42987819499234,,,,,,,,50.789757,55.42531,4.5006747,11.088819,,,,-51.91914904464057,Industrials,Electrical Equipment & Parts,Japan,51262,2018-Q4
5803 JP,FUJIKURA LTD,2018-12-01 00:00:00+09:00,2018,4,12,383.70330810546875,435.50764489774025,443.41000135757827,340.6793673796839,65227900,275900103,105863782227.73956,105.86378222773956,,,,,,,,50.789757,55.42531,4.5006747,11.088819,,,,-55.10820426675913,Industrials,Electrical Equipment & Parts,Japan,51262,2018-Q4
5803 JP,FUJIKURA LTD,2019-01-01 00:00:00+09:00,2019,1,1,417.9469299316406,383.7033789498465,426.7273276192801,354.72806658063615,47615000,275900103,115311601016.67343,115.31160101667344,,,,,,,,50.789757,55.42531,4.5006747,11.088819,,,,-54.4899158464776,Industrials,Electrical Equipment & Parts,Japan,51262,2019-Q1
5803 JP,FUJIKURA LTD,2019-02-01 00:00:00+09:00,2019,1,2,413.55670166015625,419.70297960415013,450.43436932411925,403.0202251847383,48590600,275900103,114100336584.37738,114.10033658437737,,,,,,,,50.789757,55.42531,4.5006747,11.088819,,,,-38.966745015211224,Industrials,Electrical Equipment & Parts,Japan,51262,2019-Q1
5803 JP,FUJIKURA LTD,2019-03-01 00:00:00+09:00,2019,1,3,366.14263916015625,410.92267416535526,431.11759191279793,355.60616033540356,47326600,275900103,101018791856.97894,101.01879185697894,,,,,,,,50.789757,55.42531,4.5006747,11.088819,,,,-41.02460548669823,Industrials,Electrical Equipment & Parts,Japan,51262,2019-Q1
5803 JP,FUJIKURA LTD,2019-04-01 00:00:00+09:00,2019,2,4,406.8956604003906,375.8010138632429,433.5482145750887,375.8010138632429,39785800,275900103,112262554614.7208,112.2625546147208,,,,,,,,50.789757,55.42531,4.5006747,11.088819,,,,-37.51724781080972,Industrials,Electrical Equipment & Parts,Japan,51262,2019-Q2
5803 JP,FUJIKURA LTD,2019-05-01 00:00:00+09:00,2019,2,5,318.0538024902344,406.89564676124957,406.89564676124957,316.2769656048141,53472600,275900103,87751076866.59732,87.75107686659732,,,,,,,,50.789757,55.42531,4.5006747,11.088819,,,,-50.63319098318988,Industrials,Electrical Equipment & Parts,Japan,51262,2019-Q2
5803 JP,FUJIKURA LTD,2019-06-01 00:00:00+09:00,2019,2,6,359.80950927734375,313.61174512321566,361.58634636019485,304.72755970896026,44644700,275900103,99271480669.9986,99.2714806699986,,,,,,,,50.789757,55.42531,4.5006747,11.088819,,,,-41.22104995731009,Industrials,Electrical Equipment & Parts,Japan,51262,2019-Q2
5803 JP,FUJIKURA LTD,2019-07-01 00:00:00+09:00,2019,3,7,357.14422607421875,370.47050316654037,381.1315248403976,343.8179489818972,45697100,275900103,98536128759.73224,98.53612875973224,,,,,,,,50.789757,55.42531,4.5006747,11.088819,,,,-42.63291769668967,Industrials,Electrical Equipment & Parts,Japan,51262,2019-Q3
5803 JP,FUJIKURA LTD,2019-08-01 00:00:00+09:00,2019,3,8,300.28546142578125,350.0368988217687,358.9210840710522,284.293927977071,53058200,275900103,82848789736.77557,82.84878973677557,,,,,,,,50.789757,55.42531,4.5006747,11.088819,,,,-49.58630533079742,Industrials,Electrical Equipment & Parts,Japan,51262,2019-Q3
5803 JP,FUJIKURA LTD,2019-09-01 00:00:00+09:00,2019,3,9,367.8052673339844,300.2854598040742,381.1315451359403,297.620204243683,47619900,275900103,101477511141.38882,101.47751114138883,,,,,,,,50.789757,55.42531,4.5006747,11.088819,,,,-21.11725482062228,Industrials,Electrical Equipment & Parts,Japan,51262,2019-Q3
5803 JP,FUJIKURA LTD,2019-10-01 00:00:00+09:00,2019,4,10,455.8550720214844,375.83317574946835,460.3506841715976,359.6489720090606,48572700,275900103,125770461323.79996,125.77046132379996,,,,,,,,50.789757,55.42531,4.5006747,11.088819,,,,6.606487273238004,Industrials,Electrical Equipment & Parts,Japan,51262,2019-Q4
5803 JP,FUJIKURA LTD,2019-11-01 00:00:00+09:00,2019,4,11,423.4866027832031,428.88133657661973,451.3593940491889,400.1094230117312,53200500,275900103,116839997327.00583,116.83999732700583,,,,,,,,50.789757,55.42531,4.5006747,11.088819,,,,-2.1685368076471034,Industrials,Electrical Equipment & Parts,Japan,51262,2019-Q4
5803 JP,FUJIKURA LTD,2019-12-01 00:00:00+09:00,2019,4,12,406.4033203125,413.5962994330752,445.9647054756637,401.90770836214045,43468000,275900103,112126717933.76074,112.12671793376074,,,,,,,,50.789757,55.42531,4.5006747,11.088819,,,,5.916032446817399,Industrials,Electrical Equipment & Parts,Japan,51262,2019-Q4
5803 JP,FUJIKURA LTD,2020-01-01 00:00:00+09:00,2020,1,1,369.5392761230469,406.4032915027182,408.2015361553851,354.2541965753783,38876500,275900103,101955924344.89407,101.95592434489407,,,,,,,,50.789757,55.42531,4.5006747,11.088819,,,,-11.582248927276794,Industrials,Electrical Equipment & Parts,Japan,51262,2020-Q1
5803 JP,FUJIKURA LTD,2020-02-01 00:00:00+09:00,2020,1,2,311.0963439941406,357.8507078314103,388.4208688019328,306.6007320867109,49469100,275900103,85831513350.90683,85.83151335090683,,,,,,,,50.789757,55.42531,4.5006747,11.088819,,,,-24.775407399929716,Industrials,Electrical Equipment & Parts,Japan,51262,2020-Q1
5803 JP,FUJIKURA LTD,2020-03-01 00:00:00+09:00,2020,1,3,281.4252624511719,306.6006852902543,317.39015222128967,220.2849498419716,73293800,275900103,77645258897.08035,77.64525889708035,,,,,,,,50.789757,55.42531,4.5006747,11.088819,,,,-23.13780686764748,Industrials,Electrical Equipment & Parts,Japan,51262,2020-Q1
5803 JP,FUJIKURA LTD,2020-04-01 00:00:00+09:00,2020,2,4,286.82000732421875,278.72790680409975,290.4164964442717,235.57003736346493,48360900,275900103,79133669563.2127,79.1336695632127,,,,,,,,50.789757,55.42531,4.5006747,11.088819,,,,-29.51018277216716,Industrials,Electrical Equipment & Parts,Japan,51262,2020-Q2
5803 JP,FUJIKURA LTD,2020-05-01 00:00:00+09:00,2020,2,5,285.0218200683594,283.2235751467924,303.00426928402874,261.64463608798917,49621100,275900103,78637549514.10782,78.63754951410782,,,,,,,,50.789757,55.42531,4.5006747,11.088819,,,,-10.385658704045586,Industrials,Electrical Equipment & Parts,Japan,51262,2020-Q2
5803 JP,FUJIKURA LTD,2020-06-01 00:00:00+09:00,2020,2,6,278.72796630859375,290.4165584441154,315.5919876590852,267.9384966450353,60752700,275900103,76901074613.52155,76.90107461352154,,,,,,,,50.789757,55.42531,4.5006747,11.088819,,,,-22.534574789754036,Industrials,Electrical Equipment & Parts,Japan,51262,2020-Q2
5803 JP,FUJIKURA LTD,2020-07-01 00:00:00+09:00,2020,3,7,254.45164489746094,284.12268476182913,303.90337800474134,253.55252247732855,46262000,275900103,70203235035.7289,70.2032350357289,,,,,,,,50.789757,55.42531,4.5006747,11.088819,,,,-28.753812515904176,Industrials,Electrical Equipment & Parts,Japan,51262,2020-Q3
5803 JP,FUJIKURA LTD,2020-08-01 00:00:00+09:00,2020,3,8,280.5262145996094,256.24990756695087,291.31568439190204,256.24990756695087,42924900,275900103,77397211502.23233,77.39721150223232,,,,,,,,50.789757,55.42531,4.5006747,11.088819,,,,-6.580154341256906,Industrials,Electrical Equipment & Parts,Japan,51262,2020-Q3
5803 JP,FUJIKURA LTD,2020-09-01 00:00:00+09:00,2020,3,9,260.7454833984375,276.0305634597252,291.31564352101293,260.7454833984375,43757100,275900103,71939705726.4137,71.93970572641369,,,,,,,,50.789757,55.42531,4.5006747,11.088819,,,,-29.10773538170447,Industrials,Electrical Equipment & Parts,Japan,51262,2020-Q3
5803 JP,FUJIKURA LTD,2020-10-01 00:00:00+09:00,2020,4,10,247.25863647460938,260.74547119140624,281.4252844238281,245.4603918457031,47380100,275900103,68218683270.98428,68.21868327098429,,,,,,,,50.789757,55.42531,4.5006747,11.088819,,,,-45.75937580816122,Industrials,Electrical Equipment & Parts,Japan,51262,2020-Q4
5803 JP,FUJIKURA LTD,2020-11-01 00:00:00+09:00,2020,4,11,365.94281005859375,249.95602259530483,393.8156039451206,249.05690021186848,93460600,275900103,100963658987.27545,100.96365898727545,,,,,,,,50.789757,55.42531,4.5006747,11.088819,,,,-13.588102279133485,Industrials,Electrical Equipment & Parts,Japan,51262,2020-Q4
5803 JP,FUJIKURA LTD,2020-12-01 00:00:00+09:00,2020,4,12,427.0830993652344,370.4383935546875,437.87256713867185,367.7410266113281,52925800,275900103,117832271104.4274,117.83227110442739,,,,,,,,50.789757,55.42531,4.5006747,11.088819,,,,5.088486736976661,Industrials,Electrical Equipment & Parts,Japan,51262,2020-Q4
5803 JP,FUJIKURA LTD,2021-01-01 00:00:00+09:00,2021,1,1,440.5699768066406,427.0831407819476,461.24979204450335,407.30244794573105,41017600,275900103,121553301979.65976,121.55330197965976,,,,,,,,50.789757,55.42531,4.5006747,11.088819,,,,19.221421178500762,Industrials,Electrical Equipment & Parts,Japan,51262,2021-Q1
5803 JP,FUJIKURA LTD,2021-02-01 00:00:00+09:00,2021,1,2,461.249755859375,439.6708199127376,508.90323940819934,439.6708199127376,51184400,275900103,127258855150.32642,127.25885515032641,,,,,,,,50.789757,55.42531,4.5006747,11.088819,,,,48.265887646710006,Industrials,Electrical Equipment & Parts,Japan,51262,2021-Q1
5803 JP,FUJIKURA LTD,2021-03-01 00:00:00+09:00,2021,1,3,488.2234191894531,463.94711657782284,516.0962110768804,461.249749620975,42143800,275900103,134700891641.3823,134.7008916413823,,,,,,,,50.789757,55.42531,4.5006747,11.088819,,,,73.48244252740508,Industrials,Electrical Equipment & Parts,Japan,51262,2021-Q1
5803 JP,FUJIKURA LTD,2021-04-01 00:00:00+09:00,2021,2,4,506.2058410644531,493.6181292084987,512.4996969924304,453.1576268143595,32312300,275900103,139662243688.88425,139.66224368888425,,,,,,,,50.789757,55.42531,4.5006747,11.088819,,,,76.48902731260397,Industrials,Electrical Equipment & Parts,Japan,51262,2021-Q2
5803 JP,FUJIKURA LTD,2021-05-01 00:00:00+09:00,2021,2,5,420.7892761230469,506.2059026864859,537.6751861572266,405.5041955801157,40233500,275900103,116095804623.64407,116.09580462364407,,,,,,,,50.789757,55.42531,4.5006747,11.088819,,,,47.634056937158405,Industrials,Electrical Equipment & Parts,Japan,51262,2021-Q2
5803 JP,FUJIKURA LTD,2021-06-01 00:00:00+09:00,2021,2,6,463.9471130371094,424.3857313052628,472.93833615798354,405.504162751427,34702900,275900103,128003056273.49112,128.00305627349113,,,,,,,,50.789757,55.42531,4.5006747,11.088819,,,,66.45158330594289,Industrials,Electrical Equipment & Parts,Japan,51262,2021-Q2
5803 JP,FUJIKURA LTD,2021-07-01 00:00:00+09:00,2021,3,7,500.81121826171875,472.03929907971695,520.591912699345,458.55246196315363,37836900,275900103,138173866701.96368,138.17386670196368,,,,,,,,50.789757,55.42531,4.5006747,11.088819,,,,96.81979987338497,Industrials,Electrical Equipment & Parts,Japan,51262,2021-Q3
5803 JP,FUJIKURA LTD,2021-08-01 00:00:00+09:00,2021,3,8,570.0436401367188,501.71033311717514,596.1181914994393,495.4164758916909,58528600,275900103,157275099028.21564,157.27509902821564,,,,,,,,50.789757,55.42531,4.5006747,11.088819,,,,103.20512325392941,Industrials,Electrical Equipment & Parts,Japan,51262,2021-Q3
5803 JP,FUJIKURA LTD,2021-09-01 00:00:00+09:00,2021,3,9,596.1181640625,564.6488793834841,650.0655092265271,561.9515121252828,42771100,275900103,164469062865.01465,164.46906286501465,,,,,,,,50.789757,55.42531,4.5006747,11.088819,,,,128.62070563714784,Industrials,Electrical Equipment & Parts,Japan,51262,2021-Q3
5803 JP,FUJIKURA LTD,2021-10-01 00:00:00+09:00,2021,4,10,550.2628784179688,589.8242618336396,624.8900334975299,541.2716549144071,44812800,275900103,151817584832.59406,151.81758483259406,,,,,,,,50.789757,55.42531,4.5006747,11.088819,,,,122.54546343196165,Industrials,Electrical Equipment & Parts,Japan,51262,2021-Q4
5803 JP,FUJIKURA LTD,2021-11-01 00:00:00+09:00,2021,4,11,515.1971435546875,565.5479987712015,569.1444884295239,508.0041642380427,40010200,275900103,142142944972.04407,142.14294497204406,,,,,,,,50.789757,55.42531,4.5006747,11.088819,,,,40.78624566286617,Industrials,Electrical Equipment & Parts,Japan,51262,2021-Q4
5803 JP,FUJIKURA LTD,2021-12-01 00:00:00+09:00,2021,4,12,508.00421142578125,516.9954364067686,539.4734988592368,483.7279039771156,24821900,275900103,140158414256.80682,140.15841425680682,,,,,,,,50.789757,55.42531,4.5006747,11.088819,,,,18.94739271603545,Industrials,Electrical Equipment & Parts,Japan,51262,2021-Q4
5803 JP,FUJIKURA LTD,2022-01-01 00:00:00+09:00,2022,1,1,553.859375,508.0041345373377,568.2453327922078,499.01291091720776,32596700,275900103,152809858610.01562,152.80985861001562,,,,,,,,50.789757,55.42531,4.5006747,11.088819,,,,25.714280172813588,Industrials,Electrical Equipment & Parts,Japan,51262,2022-Q1
5803 JP,FUJIKURA LTD,2022-02-01 00:00:00+09:00,2022,1,2,554.758544921875,555.6576673609704,623.0918502931271,540.3725858963483,37632300,275900103,153057939684.07544,153.05793968407545,,,,,,,,50.789757,55.42531,4.5006747,11.088819,,,,20.27291892833192,Industrials,Electrical Equipment & Parts,Japan,51262,2022-Q1
5803 JP,FUJIKURA LTD,2022-03-01 00:00:00+09:00,2022,1,3,561.9514770507812,560.1532323242187,564.648844140625,449.56118164062497,43116500,275900103,155042470399.31268,155.0424703993127,,,,,,,,50.789757,55.42531,4.5006747,11.088819,,,,15.101294809604004,Industrials,Electrical Equipment & Parts,Japan,51262,2022-Q1
5803 JP,FUJIKURA LTD,2022-04-01 00:00:00+09:00,2022,2,4,567.5840454101562,564.8420934999623,568.4980293802209,487.1534560444658,40121400,275900103,156596496589.8188,156.5964965898188,,,,,,,,50.789757,55.42531,4.5006747,11.088819,,,,12.125147393921143,Industrials,Electrical Equipment & Parts,Japan,51262,2022-Q2
5803 JP,FUJIKURA LTD,2022-05-01 00:00:00+09:00,2022,2,5,724.7891845703125,552.0462389413225,737.584958320608,534.6805459944928,51498900,275900103,199969410676.23523,199.96941067623524,,,,,,,,50.789757,55.42531,4.5006747,11.088819,,,,72.24516538258219,Industrials,Electrical Equipment & Parts,Japan,51262,2022-Q2
5803 JP,FUJIKURA LTD,2022-06-01 00:00:00+09:00,2022,2,6,702.8536376953125,721.1333161789357,800.6499175826967,695.5417663018632,39154300,275900103,193917391034.0614,193.9173910340614,,,,,,,,50.789757,55.42531,4.5006747,11.088819,,,,51.49434449419537,Industrials,Electrical Equipment & Parts,Japan,51262,2022-Q2
5803 JP,FUJIKURA LTD,2022-07-01 00:00:00+09:00,2022,3,7,731.1871337890625,697.3697288513183,748.5528282165527,653.4985008239746,31230800,275900103,201734605524.67712,201.73460552467714,,,,,,,,50.789757,55.42531,4.5006747,11.088819,,,,46.000550132835016,Industrials,Electrical Equipment & Parts,Japan,51262,2022-Q3
5803 JP,FUJIKURA LTD,2022-08-01 00:00:00+09:00,2022,3,8,908.5,741.2409456740443,925.8656941649899,701.9396378269618,47882000,275900103,250655243575.5,250.6552435755,,,,,,,,50.789757,55.42531,4.5006747,11.088819,,,,59.373762995076326,Industrials,Electrical Equipment & Parts,Japan,51262,2022-Q3
5803 JP,FUJIKURA LTD,2022-09-01 00:00:00+09:00,2022,3,9,787.8541259765625,906.6720336064385,913.0699209403549,786.026158166872,30438800,275900103,217369034505.90857,217.36903450590856,,,,,,,,50.789757,55.42531,4.5006747,11.088819,,,,32.16408649711266,Industrials,Electrical Equipment & Parts,Japan,51262,2022-Q3
5803 JP,FUJIKURA LTD,2022-10-01 00:00:00+09:00,2022,4,10,816.25537109375,794.9214238947088,857.9957025701349,791.211172207919,34118500,275900103,225204940959.06885,225.20494095906884,,,,,,,,50.789757,55.42531,4.5006747,11.088819,,,,48.33916717052076,Industrials,Electrical Equipment & Parts,Japan,51262,2022-Q4
5803 JP,FUJIKURA LTD,2022-11-01 00:00:00+09:00,2022,4,11,1036.0880126953125,830.1689985338448,1076.9007902768647,819.0382410116033,58119900,275900103,285856789419.702,285.856789419702,,,,,,,,50.789757,55.42531,4.5006747,11.088819,,,,101.1051547271114,Industrials,Electrical Equipment & Parts,Japan,51262,2022-Q4
5803 JP,FUJIKURA LTD,2022-12-01 00:00:00+09:00,2022,4,12,931.2732543945312,1012.8987986044104,1081.5384607808999,901.5912383182115,44144200,275900103,256938386808.59637,256.93838680859636,,,,,,,,50.789757,55.42531,4.5006747,11.088819,,,,83.31998700971184,Industrials,Electrical Equipment & Parts,Japan,51262,2022-Q4
5803 JP,FUJIKURA LTD,2023-01-01 00:00:00+09:00,2023,1,1,910.866943359375,931.2733310924772,931.2733310924772,843.1548386086272,33575100,275900103,251308283492.14673,251.30828349214673,,,,,,,,50.789757,55.42531,4.5006747,11.088819,,,,64.45816112788106,Industrials,Electrical Equipment & Parts,Japan,51262,2023-Q1
5803 JP,FUJIKURA LTD,2023-02-01 00:00:00+09:00,2023,1,2,896.0259399414062,910.8669492986138,936.838715673727,832.9516501732742,50333900,275900103,247213649120.5058,247.2136491205058,,,,,,,,50.789757,55.42531,4.5006747,11.088819,,,,61.51638368501218,Industrials,Electrical Equipment & Parts,Japan,51262,2023-Q1
5803 JP,FUJIKURA LTD,2023-03-01 00:00:00+09:00,2023,1,3,870.05419921875,894.1708401352612,927.5631121735075,809.762596927472,47131900,275900103,240048043180.03564,240.04804318003565,,,,,,,,50.789757,55.42531,4.5006747,11.088819,,,,54.827282203250924,Industrials,Electrical Equipment & Parts,Japan,51262,2023-Q1
5803 JP,FUJIKURA LTD,2023-04-01 00:00:00+09:00,2023,2,4,869.2474365234375,892.8682907767917,892.8682907767917,815.3918888257897,33953300,275900103,239825457269.30237,239.82545726930238,,,,,,,,50.789757,55.42531,4.5006747,11.088819,,,,53.14867349650194,Industrials,Electrical Equipment & Parts,Japan,51262,2023-Q2
5803 JP,FUJIKURA LTD,2023-05-01 00:00:00+09:00,2023,2,5,1058.2142333984375,879.6405815124511,1070.4970771789551,851.2955574035644,62330100,275900103,291961415990.69495,291.96141599069495,,,,,,,,50.789757,55.42531,4.5006747,11.088819,,,,46.00303866644953,Industrials,Electrical Equipment & Parts,Japan,51262,2023-Q2
5803 JP,FUJIKURA LTD,2023-06-01 00:00:00+09:00,2023,2,6,1136.1630859375,1044.98658881237,1169.7046988695427,1032.7037446400727,51347200,275900103,313467512434.9541,313.4675124349541,,,,,,,,50.789757,55.42531,4.5006747,11.088819,,,,61.65002569568081,Industrials,Electrical Equipment & Parts,Japan,51262,2023-Q2
5803 JP,FUJIKURA LTD,2023-07-01 00:00:00+09:00,2023,3,7,1121.5181884765625,1147.9735459132464,1176.3185717382648,1073.331644574031,26012300,275900103,309426983717.057,309.426983717057,,,,,,,,50.789757,55.42531,4.5006747,11.088819,,,,53.38319516985719,Industrials,Electrical Equipment & Parts,Japan,51262,2023-Q3
5803 JP,FUJIKURA LTD,2023-08-01 00:00:00+09:00,2023,3,8,1140.4146728515625,1135.2180856927525,1232.5359906668295,1049.23818906517,48688700,275900103,314640525702.4574,314.6405257024574,,,,,,,,50.789757,55.42531,4.5006747,11.088819,,,,25.527206698025594,Industrials,Electrical Equipment & Parts,Japan,51262,2023-Q3
5803 JP,FUJIKURA LTD,2023-09-01 00:00:00+09:00,2023,3,9,1135.21826171875,1146.083854735617,1196.1600660307429,1124.352668701883,28134700,275900103,313206835335.6841,313.2068353356841,,,,,,,,50.789757,55.42531,4.5006747,11.088819,,,,44.08990500768426,Industrials,Electrical Equipment & Parts,Japan,51262,2023-Q3
5803 JP,FUJIKURA LTD,2023-10-01 00:00:00+09:00,2023,4,10,1030.4056396484375,1162.2128970077615,1187.2274130029616,1011.6447526520374,37305900,275900103,284289022110.7848,284.2890221107848,,,,,,,,50.789757,55.42531,4.5006747,11.088819,,,,26.23569487423214,Industrials,Electrical Equipment & Parts,Japan,51262,2023-Q4
5803 JP,FUJIKURA LTD,2023-11-01 00:00:00+09:00,2023,4,11,1095.3470458984375,1058.306324539553,1150.667603772096,970.7555286003719,59332600,275900103,302206362784.12463,302.2063627841246,,,,,,,,50.789757,55.42531,4.5006747,11.088819,,,,5.719498003742629,Industrials,Electrical Equipment & Parts,Japan,51262,2023-Q4
5803 JP,FUJIKURA LTD,2023-12-01 00:00:00+09:00,2023,4,12,1043.393798828125,1088.1312922771872,1091.9796788104397,986.6300974626485,41488000,275900103,287872456566.24097,287.87245656624094,,,,,,,,50.789757,55.42531,4.5006747,11.088819,,,,12.03948936625363,Industrials,Electrical Equipment & Parts,Japan,51262,2023-Q4
5803 JP,FUJIKURA LTD,2024-01-01 00:00:00+09:00,2024,1,1,1177.1253662109375,1043.393918803238,1179.5306080707883,1034.7350481077754,31319500,275900103,324769009781.5104,324.76900978151036,200769000000.0,200769.0,44357000000.0,15214000000.0,18041000000.0,15020000000.0,0.40440631992676956,50.789757,55.42531,4.5006747,11.088819,,,,29.23131910678116,Industrials,Electrical Equipment & Parts,Japan,51262,2024-Q1
5803 JP,FUJIKURA LTD,2024-02-01 00:00:00+09:00,2024,1,2,1758.7127685546875,1160.288620829843,1838.566794698035,1150.1866054743593,60849300,275900103,485229033991.65344,485.22903399165347,200769000000.0,200769.0,44357000000.0,15214000000.0,18041000000.0,15020000000.0,0.6042130931464188,50.789757,55.42531,4.5006747,11.088819,,0.0,,96.2792247587938,Industrials,Electrical Equipment & Parts,Japan,51262,2024-Q1
5803 JP,FUJIKURA LTD,2024-03-01 00:00:00+09:00,2024,1,3,2206.56884765625,1730.8120152315646,2207.530944385117,1723.596289765063,50556400,275900103,608792572344.9507,608.7925723449507,200769000000.0,200769.0,44357000000.0,15214000000.0,18041000000.0,15020000000.0,0.7580759135436131,50.789757,55.42531,4.5006747,11.088819,,0.0,,153.61280362046412,Industrials,Electrical Equipment & Parts,Japan,51262,2024-Q1
5803 JP,FUJIKURA LTD,2024-04-01 00:00:00+09:00,2024,2,4,2664.533935546875,2230.863456300976,2748.0448048611192,2112.190115696524,101043800,275900103,735145187264.3782,735.1451872643781,,,,,,,,50.789757,55.42531,4.5006747,11.088819,,0.0,,206.53342461425038,Industrials,Electrical Equipment & Parts,Japan,51262,2024-Q2
5803 JP,FUJIKURA LTD,2024-05-01 00:00:00+09:00,2024,2,5,3148.994873046875,2582.4883512208244,3375.5974817772953,2566.372217410256,95948300,275900103,868808009820.1047,868.8080098201048,,,,,,,,50.789757,55.42531,4.5006747,11.088819,,0.0,0.0,197.57631051076774,Industrials,Electrical Equipment & Parts,Japan,51262,2024-Q2
5803 JP,FUJIKURA LTD,2024-06-01 00:00:00+09:00,2024,2,6,3102.111328125,3198.8081233026996,3310.1559480527785,2914.089781946139,67912100,275900103,855872834947.1543,855.8728349471543,,,,,,,,50.789757,55.42531,4.5006747,11.088819,,0.0,0.0,173.03398310686237,Industrials,Electrical Equipment & Parts,Japan,51262,2024-Q2
5803 JP,FUJIKURA LTD,2024-07-01 00:00:00+09:00,2024,3,7,2987.83349609375,3096.251122137034,3521.131007982337,2682.6036930439636,79731300,275900103,824343569319.1157,824.3435693191158,,,,,,,,50.789757,55.42531,4.5006747,11.088819,,0.0,0.0,166.40972271277522,Industrials,Electrical Equipment & Parts,Japan,51262,2024-Q3
5803 JP,FUJIKURA LTD,2024-08-01 00:00:00+09:00,2024,3,8,4109.12548828125,2937.043105125201,4154.055312968899,2158.5850556457244,138752300,275900103,1133708145456.7222,1133.7081454567221,,,,,,,,50.789757,55.42531,4.5006747,11.088819,,0.0,0.0,260.31853904567373,Industrials,Electrical Equipment & Parts,Japan,51262,2024-Q3
5803 JP,FUJIKURA LTD,2024-09-01 00:00:00+09:00,2024,3,9,4705.9111328125,4204.8458752091765,4984.280720369902,3516.2474217777085,143500000,275900103,1298361366251.8154,1298.3613662518155,,,,,,,,50.789757,55.42531,4.5006747,11.088819,,0.0,0.0,314.5380048491846,Industrials,Electrical Equipment & Parts,Japan,51262,2024-Q3
5803 JP,FUJIKURA LTD,2024-10-01 00:00:00+09:00,2024,4,10,5636.48681640625,4828.183926823916,5678.770300897783,4673.800041587388,223090100,275900103,1555107293204.6265,1555.1072932046266,,,,,,,,50.789757,55.42531,4.5006747,11.088819,,0.0,0.0,447.0163011073342,Industrials,Electrical Equipment & Parts,Japan,51262,2024-Q4
5803 JP,FUJIKURA LTD,2024-11-01 00:00:00+09:00,2024,4,11,5233.3193359375,5439.820098911358,6226.489672145105,4990.435105201581,365680100,275900103,1443873343817.0479,1443.873343817048,,,,,,,,50.789757,55.42531,4.5006747,11.088819,,0.0,0.0,377.7772812309883,Industrials,Electrical Equipment & Parts,Japan,51262,2024-Q4
5803 JP,FUJIKURA LTD,2024-12-01 00:00:00+09:00,2024,4,12,6438.89013671875,5260.852509383829,6674.89099695279,5201.852294325318,423045400,275900103,1776490451926.3872,1776.490451926387,,,,,,,,50.789757,55.42531,4.5006747,11.088819,,0.0,0.0,517.1102553945127,Industrials,Electrical Equipment & Parts,Japan,51262,2024-Q4
5803 JP,FUJIKURA LTD,2025-01-01 00:00:00+09:00,2025,1,1,6185.189453125,6438.890387768283,7357.327104655206,5589.28725780008,484500800,275900103,1706494407191.7012,1706.4944071917012,,,,,,,,50.789757,55.42531,4.5006747,11.088819,,0.0,0.0,425.44865913769047,Industrials,Electrical Equipment & Parts,Japan,51262,2025-Q1
5803 JP,FUJIKURA LTD,2025-02-01 00:00:00+09:00,2025,1,2,6037.6884765625,5996.388327374288,7493.0270670042755,5852.821142100977,518241700,275900103,1665798872565.5068,1665.7988725655068,,,,,,,,50.789757,55.42531,4.5006747,11.088819,,0.0,0.0,243.30156603822695,Industrials,Electrical Equipment & Parts,Japan,51262,2025-Q1
5803 JP,FUJIKURA LTD,2025-03-01 00:00:00+09:00,2025,1,3,5308.052734375,6191.089295225083,6479.2070149679275,5138.918782853603,503477000,275900103,1464492296143.4941,1464.492296143494,,,,,,,,50.789757,55.42531,4.5006747,11.088819,,0.0,0.0,140.55686003240058,Industrials,Electrical Equipment & Parts,Japan,51262,2025-Q1
5803 JP,FUJIKURA LTD,2025-04-01 00:00:00+09:00,2025,2,4,5219.09033203125,5421.010541179781,5449.856285343857,3572.893553012436,477940700,275900103,1439947560173.726,1439.947560173726,,,,,,,,50.789757,55.42531,4.5006747,11.088819,,0.0,0.0,95.8725412502608,Industrials,Electrical Equipment & Parts,Japan,51262,2025-Q2
5803 JP,FUJIKURA LTD,2025-05-01 00:00:00+09:00,2025,2,5,6682.265625,5300.653991608366,6942.871995013397,5241.967824315272,535779600,275900103,1843637774210.8594,1843.6377742108593,,,,,,,,50.789757,55.42531,4.5006747,11.088819,,0.0,0.0,112.20312812178177,Industrials,Electrical Equipment & Parts,Japan,51262,2025-Q2
5803 JP,FUJIKURA LTD,2025-06-01 00:00:00+09:00,2025,2,6,7530.728515625,6636.51045519086,7731.654041996187,6557.930670124901,344212800,275900103,2077728773125.9746,2077.7287731259744,,,,,,,,50.789757,55.42531,4.5006747,11.088819,,0.0,0.0,142.76138794079887,Industrials,Electrical Equipment & Parts,Japan,51262,2025-Q2
5803 JP,FUJIKURA LTD,2025-07-01 00:00:00+09:00,2025,3,7,10319.8134765625,7480.994424792922,10344.680496987952,7320.850813253012,422276100,275900103,2847237601124.382,2847.237601124382,,,,,,,,50.789757,55.42531,4.5006747,11.088819,,0.0,0.0,245.39453052034105,Industrials,Electrical Equipment & Parts,Japan,51262,2025-Q3
5803 JP,FUJIKURA LTD,2025-08-01 00:00:00+09:00,2025,3,8,12702.07421875,10091.037035960748,12731.914643696164,9777.712574026038,234258000,275900103,3504503585266.7695,3504.5035852667697,,,,,,,,50.789757,55.42531,4.5006747,11.088819,,0.0,0.0,209.11867391187843,Industrials,Electrical Equipment & Parts,Japan,51262,2025-Q3
5803 JP,FUJIKURA LTD,2025-09-01 00:00:00+09:00,2025,3,9,14378.111328125,12562.818822152802,14671.542171556122,12154.9996838248,191953500,275900103,3966922396375.1543,3966.922396375154,,,,,,,,50.789757,55.42531,4.5006747,11.088819,,0.0,0.0,205.53299716758323,Industrials,Electrical Equipment & Parts,Japan,51262,2025-Q3
5803 JP,FUJIKURA LTD,2025-10-01 00:00:00+09:00,2025,4,10,16785.0,14550.0,17245.0,13860.0,77086600,275900103,4630983228855.0,4630.983228855,,,,,,,,50.789757,55.42531,4.5006747,11.088819,,0.0,0.0,197.7918789971001,Industrials,Electrical Equipment & Parts,Japan,51262,2025-Q4
