ticker,company_name,date,year,quarter,month,close_price,open_price,high_price,low_price,volume,shares_outstanding,market_cap,market_cap_billions,revenue,revenue_millions,gross_profit,net_income,operating_income,ebitda,ps_ratio,current_pe,forward_pe,current_ps,current_pb,peg_ratio,revenue_qoq_pct,revenue_yoy_pct,market_cap_yoy_pct,sector,industry,country,employees,year_quarter
6701 JP,NEC CORP,2015-01-01 00:00:00+09:00,2015,1,1,557.8496704101562,589.5836336969616,614.6367626075973,552.8390446280291,210442000,1333460157,743870309087.5251,743.8703090875251,,,,,,,,37.538063,6.8585176,1.9065487,3.4709513,,,,,Technology,Information Technology Services,Japan,104194,2015-Q1
6701 JP,NEC CORP,2015-02-01 00:00:00+09:00,2015,1,2,607.9558715820312,551.1687846760174,621.3175390893286,532.7964918534834,239312000,1333460157,810684931968.8472,810.6849319688472,,,,,,,,37.538063,6.8585176,1.9065487,3.4709513,,,,,Technology,Information Technology Services,Japan,104194,2015-Q1
6701 JP,NEC CORP,2015-03-01 00:00:00+09:00,2015,1,3,589.5836181640625,609.6261207645406,614.63674641466,577.8921583137836,235926500,1333460157,786186264041.6788,786.1862640416788,,,,,,,,37.538063,6.8585176,1.9065487,3.4709513,,,,,Technology,Information Technology Services,Japan,104194,2015-Q1
6701 JP,NEC CORP,2015-04-01 00:00:00+09:00,2015,2,4,679.0753784179688,596.3025089093109,726.3741609943447,594.6132666744403,307952500,1333460157,905519960720.0591,905.5199607200591,,,,,,,,37.538063,6.8585176,1.9065487,3.4709513,,,,,Technology,Information Technology Services,Japan,104194,2015-Q2
6701 JP,NEC CORP,2015-05-01 00:00:00+09:00,2015,2,5,689.2108154296875,680.7646044562845,709.4817217658548,670.6291512882009,195584000,1333460157,919035162148.9691,919.0351621489691,,,,,,,,37.538063,6.8585176,1.9065487,3.4709513,,,,,Technology,Information Technology Services,Japan,104194,2015-Q2
6701 JP,NEC CORP,2015-06-01 00:00:00+09:00,2015,2,6,626.7089233398438,684.1431642928213,697.6571033405808,616.5734690540241,172153500,1333460157,835691379310.0491,835.6913793100491,,,,,,,,37.538063,6.8585176,1.9065487,3.4709513,,,,,Technology,Information Technology Services,Japan,104194,2015-Q2
6701 JP,NEC CORP,2015-07-01 00:00:00+09:00,2015,3,7,668.93994140625,631.776611328125,668.93994140625,592.9240389737216,180479500,1333460157,892004759291.1489,892.004759291149,,,,,,,,37.538063,6.8585176,1.9065487,3.4709513,,,,,Technology,Information Technology Services,Japan,104194,2015-Q3
6701 JP,NEC CORP,2015-08-01 00:00:00+09:00,2015,3,8,646.979736328125,663.8721576421752,701.0354845330859,589.5455038603541,214788500,1333460157,862721700779.9202,862.7217007799202,,,,,,,,37.538063,6.8585176,1.9065487,3.4709513,,,,,Technology,Information Technology Services,Japan,104194,2015-Q3
6701 JP,NEC CORP,2015-09-01 00:00:00+09:00,2015,3,9,619.951904296875,650.3582647256046,665.5614449399694,603.0594818364697,160828500,1333460157,826681163636.1599,826.6811636361599,,,,,,,,37.538063,6.8585176,1.9065487,3.4709513,,,,,Technology,Information Technology Services,Japan,104194,2015-Q3
6701 JP,NEC CORP,2015-10-01 00:00:00+09:00,2015,4,10,633.4658203125,625.0196093750001,704.4139921875001,623.3303671875001,197279000,1333460157,844701432208.04,844.70143220804,,,,,,,,37.538063,6.8585176,1.9065487,3.4709513,,,,,Technology,Information Technology Services,Japan,104194,2015-Q4
6701 JP,NEC CORP,2015-11-01 00:00:00+09:00,2015,4,11,695.9677124023438,625.0195475457941,709.481648565496,618.262579464218,202977000,1333460157,928045215046.9602,928.0452150469602,,,,,,,,37.538063,6.8585176,1.9065487,3.4709513,,,,,Technology,Information Technology Services,Japan,104194,2015-Q4
6701 JP,NEC CORP,2015-12-01 00:00:00+09:00,2015,4,12,650.3580932617188,697.6568636807528,697.6568636807528,630.0871916535613,148331500,1333460157,867226605146.9922,867.2266051469921,,,,,,,,37.538063,6.8585176,1.9065487,3.4709513,,,,,Technology,Information Technology Services,Japan,104194,2015-Q4
6701 JP,NEC CORP,2016-01-01 00:00:00+09:00,2016,1,1,533.8003540039062,650.3580262389364,652.047267865531,511.8402128581759,226689000,1333460157,711801503856.7043,711.8015038567044,,,,,,,,37.538063,6.8585176,1.9065487,3.4709513,,,,-4.311074771912626,Technology,Information Technology Services,Japan,104194,2016-Q1
6701 JP,NEC CORP,2016-02-01 00:00:00+09:00,2016,1,2,483.12335205078125,547.314566658927,547.314566658927,413.86440997357136,277692000,1333460157,644225740876.001,644.2257408760009,,,,,,,,37.538063,6.8585176,1.9065487,3.4709513,,,,-20.53315468545589,Technology,Information Technology Services,Japan,104194,2016-Q1
6701 JP,NEC CORP,2016-03-01 00:00:00+09:00,2016,1,3,478.05560302734375,435.82454268923914,488.1910575084888,415.553633726949,251408000,1333460157,637468099467.5715,637.4680994675715,,,,,,,,37.538063,6.8585176,1.9065487,3.4709513,,,,-18.916403322740216,Technology,Information Technology Services,Japan,104194,2016-Q1
6701 JP,NEC CORP,2016-04-01 00:00:00+09:00,2016,2,4,465.939208984375,483.19621672453707,505.63032678674773,445.2307996961806,158316000,1333460157,621311370764.7605,621.3113707647605,,,,,,,,37.538063,6.8585176,1.9065487,3.4709513,,,,-31.386231368030714,Technology,Information Technology Services,Japan,104194,2016-Q2
6701 JP,NEC CORP,2016-05-01 00:00:00+09:00,2016,2,5,450.4078674316406,445.230765507139,459.0363706391433,412.44245331862874,137039500,1333460157,600600945619.4307,600.6009456194307,,,,,,,,37.538063,6.8585176,1.9065487,3.4709513,,,,-34.648752261550854,Technology,Information Technology Services,Japan,104194,2016-Q2
6701 JP,NEC CORP,2016-06-01 00:00:00+09:00,2016,2,6,408.9910888671875,448.68220719607064,450.4079079929786,381.37987611666006,172498000,1333460157,545373321572.4408,545.3733215724408,,,,,,,,37.538063,6.8585176,1.9065487,3.4709513,,,,-34.73986508958562,Technology,Information Technology Services,Japan,104194,2016-Q2
6701 JP,NEC CORP,2016-07-01 00:00:00+09:00,2016,3,7,490.09893798828125,419.3452180674378,497.00173993177816,408.99101515219246,151120000,1333460157,653527406795.3867,653.5274067953867,,,,,,,,37.538063,6.8585176,1.9065487,3.4709513,,,,-26.734986558286245,Technology,Information Technology Services,Japan,104194,2016-Q3
6701 JP,NEC CORP,2016-08-01 00:00:00+09:00,2016,3,8,453.8592224121094,440.0536186885471,462.48772473933576,412.4424112414226,118841000,1333460157,605203189973.5493,605.2031899735493,,,,,,,,37.538063,6.8585176,1.9065487,3.4709513,,,,-29.849545986100523,Technology,Information Technology Services,Japan,104194,2016-Q3
6701 JP,NEC CORP,2016-09-01 00:00:00+09:00,2016,3,9,446.95648193359375,455.58498544582534,484.92189738741257,433.1508763140233,104220500,1333460157,595998660571.3376,595.9986605713376,,,,,,,,37.538063,6.8585176,1.9065487,3.4709513,,,,-27.904652145473406,Technology,Information Technology Services,Japan,104194,2016-Q3
6701 JP,NEC CORP,2016-10-01 00:00:00+09:00,2016,4,10,484.9220275878906,450.4080042720265,486.64772875368385,443.50519960885373,96308000,1333460157,646624203040.1069,646.624203040107,,,,,,,,37.538063,6.8585176,1.9065487,3.4709513,,,,-23.449377687233397,Technology,Information Technology Services,Japan,104194,2016-Q4
6701 JP,NEC CORP,2016-11-01 00:00:00+09:00,2016,4,11,514.2588500976562,498.7275425443713,528.0644568116873,464.2135257592937,135558500,1333460157,685743686989.8601,685.7436869898601,,,,,,,,37.538063,6.8585176,1.9065487,3.4709513,,,,-26.108806352160265,Technology,Information Technology Services,Japan,104194,2016-Q4
6701 JP,NEC CORP,2016-12-01 00:00:00+09:00,2016,4,12,534.9672241210938,521.1616183373236,567.7555378575479,519.4359176143523,151151500,1333460157,713357478666.3679,713.3574786663679,,,,,,,,37.538063,6.8585176,1.9065487,3.4709513,,,,-17.742666745624568,Technology,Information Technology Services,Japan,104194,2016-Q4
6701 JP,NEC CORP,2017-01-01 00:00:00+09:00,2017,1,1,450.4078674316406,534.967198865167,571.2069123366783,445.230765507139,181596500,1333460157,600600945619.4307,600.6009456194307,,,,,,,,37.538063,6.8585176,1.9065487,3.4709513,,,,-15.622411252963564,Technology,Information Technology Services,Japan,104194,2017-Q1
6701 JP,NEC CORP,2017-02-01 00:00:00+09:00,2017,1,2,483.1961975097656,453.8592855181013,495.2761024475098,452.1335848127093,178139500,1333460157,644322877393.175,644.3228773931751,,,,,,,,37.538063,6.8585176,1.9065487,3.4709513,,,,0.015078024830539327,Technology,Information Technology Services,Japan,104194,2017-Q1
6701 JP,NEC CORP,2017-03-01 00:00:00+09:00,2017,1,3,462.48779296875,484.92190232917443,505.63031096956627,460.76209224871735,139932000,1333460157,616709045022.6929,616.7090450226929,,,,,,,,37.538063,6.8585176,1.9065487,3.4709513,,,,-3.25648522054941,Technology,Information Technology Services,Japan,104194,2017-Q1
6701 JP,NEC CORP,2017-04-01 00:00:00+09:00,2017,2,4,488.48663330078125,472.6152264426331,499.06757120621336,449.6898609808636,109665500,1333460157,651377462733.6611,651.3774627336611,,,,,,,,37.538063,6.8585176,1.9065487,3.4709513,,,,4.8391343509282425,Technology,Information Technology Services,Japan,104194,2017-Q2
6701 JP,NEC CORP,2017-05-01 00:00:00+09:00,2017,2,5,506.1215515136719,486.7231645218587,516.7024898728428,479.6692056157448,93400000,1333460157,674892923542.5045,674.8929235425045,,,,,,,,37.538063,6.8585176,1.9065487,3.4709513,,,,12.369607218392353,Technology,Information Technology Services,Japan,104194,2017-Q2
6701 JP,NEC CORP,2017-06-01 00:00:00+09:00,2017,2,6,525.52001953125,506.12162954855285,525.52001953125,502.5946495516988,100616500,1333460157,700760007750.7837,700.7600077507836,,,,,,,,37.538063,6.8585176,1.9065487,3.4709513,,,,28.4918018597474,Technology,Information Technology Services,Japan,104194,2017-Q2
6701 JP,NEC CORP,2017-07-01 00:00:00+09:00,2017,3,7,529.0469970703125,527.2835070800782,532.5739770507813,514.9390771484375,76442500,1333460157,705463091773.7574,705.4630917737575,,,,,,,,37.538063,6.8585176,1.9065487,3.4709513,,,,7.9469788777552175,Technology,Information Technology Services,Japan,104194,2017-Q3
6701 JP,NEC CORP,2017-08-01 00:00:00+09:00,2017,3,8,513.1754150390625,534.3372878241785,539.6277560204575,507.8849468427835,86986000,1333460157,684298969506.5284,684.2989695065285,,,,,,,,37.538063,6.8585176,1.9065487,3.4709513,,,,13.069293229673162,Technology,Information Technology Services,Japan,104194,2017-Q3
6701 JP,NEC CORP,2017-09-01 00:00:00+09:00,2017,3,9,537.8643798828125,514.939012871414,539.6278696529201,502.5945844806609,83266000,1333460157,717220720443.2428,717.2207204432428,,,,,,,,37.538063,6.8585176,1.9065487,3.4709513,,,,20.339317500428432,Technology,Information Technology Services,Japan,104194,2017-Q3
6701 JP,NEC CORP,2017-10-01 00:00:00+09:00,2017,4,10,546.6818237304688,539.6278647145917,562.553231516192,534.337395452684,88496000,1333460157,728978430500.6772,728.9784305006773,,,,,,,,37.538063,6.8585176,1.9065487,3.4709513,,,,12.736026129764632,Technology,Information Technology Services,Japan,104194,2017-Q4
6701 JP,NEC CORP,2017-11-01 00:00:00+09:00,2017,4,11,529.0469970703125,547.5636419677735,548.4453869628907,505.41624196466057,110625000,1333460157,705463091773.7574,705.4630917737575,,,,,,,,37.538063,6.8585176,1.9065487,3.4709513,,,,2.875623233289626,Technology,Information Technology Services,Japan,104194,2017-Q4
6701 JP,NEC CORP,2017-12-01 00:00:00+09:00,2017,4,12,536.100830078125,534.3373405054996,557.2627049496299,518.8186537933683,83618000,1333460157,714869097043.8069,714.8690970438068,,,,,,,,37.538063,6.8585176,1.9065487,3.4709513,,,,0.21190194574884913,Technology,Information Technology Services,Japan,104194,2017-Q4
6701 JP,NEC CORP,2018-01-01 00:00:00+09:00,2018,1,1,580.1881103515625,536.1008679236322,589.8873036857071,536.1008679236322,99820000,1333460157,773657728718.9279,773.6577287189278,,,,,,,,37.538063,6.8585176,1.9065487,3.4709513,,,,28.813937833716665,Technology,Information Technology Services,Japan,104194,2018-Q1
6701 JP,NEC CORP,2018-02-01 00:00:00+09:00,2018,1,2,574.897705078125,581.0699197031969,596.0595837926572,539.6279072205714,105897500,1333460157,766603184072.4163,766.6031840724163,,,,,,,,37.538063,6.8585176,1.9065487,3.4709513,,,,18.97811034957617,Technology,Information Technology Services,Japan,104194,2018-Q1
6701 JP,NEC CORP,2018-03-01 00:00:00+09:00,2018,1,3,527.4597778320312,570.4889155689539,579.3063640321525,515.291709716304,111611000,1333460157,703346598159.0854,703.3465981590855,,,,,,,,37.538063,6.8585176,1.9065487,3.4709513,,,,14.048367513922976,Technology,Information Technology Services,Japan,104194,2018-Q1
6701 JP,NEC CORP,2018-04-01 00:00:00+09:00,2018,2,4,540.4744262695312,535.2585442815528,543.1723019414258,520.3302659640173,83002500,1333460157,720701113307.854,720.701113307854,,,,,,,,37.538063,6.8585176,1.9065487,3.4709513,,,,10.642623446512811,Technology,Information Technology Services,Japan,104194,2018-Q2
6701 JP,NEC CORP,2018-05-01 00:00:00+09:00,2018,2,5,552.1652221679688,524.2871734917358,555.7623897390956,523.7476203114353,79427000,1333460157,736290323842.0396,736.2903238420396,,,,,,,,37.538063,6.8585176,1.9065487,3.4709513,,,,9.097354285071013,Technology,Information Technology Services,Japan,104194,2018-Q2
6701 JP,NEC CORP,2018-06-01 00:00:00+09:00,2018,2,6,546.76953125,547.6688232421875,564.75537109375,538.1363500803709,72569000,1333460157,729095384983.4414,729.0953849834414,,,,,,,,37.538063,6.8585176,1.9065487,3.4709513,,,,4.043520880080642,Technology,Information Technology Services,Japan,104194,2018-Q2
6701 JP,NEC CORP,2018-07-01 00:00:00+09:00,2018,3,7,557.56103515625,550.36669921875,557.56103515625,526.0858154296875,71434000,1333460157,743485425476.5356,743.4854254765356,,,,,,,,37.538063,6.8585176,1.9065487,3.4709513,,,,5.389698503883178,Technology,Information Technology Services,Japan,104194,2018-Q3
6701 JP,NEC CORP,2018-08-01 00:00:00+09:00,2018,3,8,552.1652221679688,548.5680545968419,557.560973524659,524.8267266720363,58121500,1333460157,736290323842.0396,736.2903238420396,,,,,,,,37.538063,6.8585176,1.9065487,3.4709513,,,,7.59775429342,Technology,Information Technology Services,Japan,104194,2018-Q3
6701 JP,NEC CORP,2018-09-01 00:00:00+09:00,2018,3,9,564.7554931640625,551.2661103655578,564.7554931640625,534.3594282357865,63920500,1333460157,753078948581.1632,753.0789485811632,,,,,,,,37.538063,6.8585176,1.9065487,3.4709513,,,,4.999608504863051,Technology,Information Technology Services,Japan,104194,2018-Q3
6701 JP,NEC CORP,2018-10-01 00:00:00+09:00,2018,4,10,582.7412719726562,563.8561381587276,587.2377324045441,539.5752518265335,113976500,1333460157,777062268015.0378,777.0622680150378,,,,,,,,37.538063,6.8585176,1.9065487,3.4709513,,,,6.596057647595366,Technology,Information Technology Services,Japan,104194,2018-Q4
6701 JP,NEC CORP,2018-11-01 00:00:00+09:00,2018,4,11,633.1015625,588.136962890625,644.7923583984375,571.0504150390625,155217000,1333460157,844215708928.1953,844.2157089281953,,,,,,,,37.538063,6.8585176,1.9065487,3.4709513,,,,19.66830281731251,Technology,Information Technology Services,Japan,104194,2018-Q4
6701 JP,NEC CORP,2018-12-01 00:00:00+09:00,2018,4,12,587.2377319335938,634.0009203877237,665.4761433856958,570.1511823061231,120757500,1333460157,783058118220.4939,783.058118220494,,,,,,,,37.538063,6.8585176,1.9065487,3.4709513,,,,9.538672388926672,Technology,Information Technology Services,Japan,104194,2018-Q4
6701 JP,NEC CORP,2019-01-01 00:00:00+09:00,2019,1,1,656.483154296875,587.2376708984375,667.274658203125,580.942626953125,108245000,1333460157,875394129996.5662,875.3941299965661,,,,,,,,37.538063,6.8585176,1.9065487,3.4709513,,,,13.150052988690497,Technology,Information Technology Services,Japan,104194,2019-Q1
6701 JP,NEC CORP,2019-02-01 00:00:00+09:00,2019,1,2,668.1740112304688,656.4832142641213,687.0591447914913,648.3895855951116,80247500,1333460157,890983421918.7007,890.9834219187006,,,,,,,,37.538063,6.8585176,1.9065487,3.4709513,,,,16.22485275700798,Technology,Information Technology Services,Japan,104194,2019-Q1
6701 JP,NEC CORP,2019-03-01 00:00:00+09:00,2019,1,3,673.5697021484375,674.468994140625,705.9442138671875,669.0732421875,74329500,1333460157,898178360777.2987,898.1783607772987,,,,,,,,37.538063,6.8585176,1.9065487,3.4709513,,,,27.70067604338444,Technology,Information Technology Services,Japan,104194,2019-Q1
6701 JP,NEC CORP,2019-04-01 00:00:00+09:00,2019,2,4,680.6785888671875,686.1312878434267,726.1177470025137,661.5941424503504,85472500,1333460157,907657777977.3783,907.6577779773783,,,,,,,,37.538063,6.8585176,1.9065487,3.4709513,,,,25.940942953651856,Technology,Information Technology Services,Japan,104194,2019-Q2
6701 JP,NEC CORP,2019-05-01 00:00:00+09:00,2019,2,5,731.5704956054688,680.67863504161,754.2900762143342,677.0435021441916,133473500,1333460157,975520107926.6362,975.5201079266362,,,,,,,,37.538063,6.8585176,1.9065487,3.4709513,,,,32.491230203362,Technology,Information Technology Services,Japan,104194,2019-Q2
6701 JP,NEC CORP,2019-06-01 00:00:00+09:00,2019,2,6,770.6481323242188,718.8474913543125,771.5569154991293,698.8542615062786,116428000,1333460157,1027628579520.8096,1027.6285795208096,,,,,,,,37.538063,6.8585176,1.9065487,3.4709513,,,,40.94569800961614,Technology,Information Technology Services,Japan,104194,2019-Q2
6701 JP,NEC CORP,2019-07-01 00:00:00+09:00,2019,3,7,814.269775390625,781.553579057966,832.44544001988,769.7393970489502,137173500,1333460157,1085796302532.7375,1085.7963025327376,,,,,,,,37.538063,6.8585176,1.9065487,3.4709513,,,,46.04137019051831,Technology,Information Technology Services,Japan,104194,2019-Q3
6701 JP,NEC CORP,2019-08-01 00:00:00+09:00,2019,3,8,826.99267578125,836.0805073832418,888.7899306747939,806.9994462568682,164613500,1333460157,1102761783285.1157,1102.7617832851158,,,,,,,,37.538063,6.8585176,1.9065487,3.4709513,,,,49.77268443931055,Technology,Information Technology Services,Japan,104194,2019-Q3
6701 JP,NEC CORP,2019-09-01 00:00:00+09:00,2019,3,9,828.810302734375,821.5400369209156,862.4352821216248,797.00288980049,134761500,1333460157,1105185516407.3972,1105.1855164073972,,,,,,,,37.538063,6.8585176,1.9065487,3.4709513,,,,46.75559826624016,Technology,Information Technology Services,Japan,104194,2019-Q3
6701 JP,NEC CORP,2019-10-01 00:00:00+09:00,2019,4,10,786.6340942382812,841.5155426735101,855.2359047823173,786.6340942382812,150464500,1333460157,1048945222804.5312,1048.9452228045313,,,,,,,,37.538063,6.8585176,1.9065487,3.4709513,,,,34.988567323440265,Technology,Information Technology Services,Japan,104194,2019-Q4
6701 JP,NEC CORP,2019-11-01 00:00:00+09:00,2019,4,11,800.3544921875,777.4872209821428,825.9658359375,771.9990758928571,116301500,1333460157,1067240826807.999,1067.240826807999,,,,,,,,37.538063,6.8585176,1.9065487,3.4709513,,,,26.41802509964584,Technology,Information Technology Services,Japan,104194,2019-Q4
6701 JP,NEC CORP,2019-12-01 00:00:00+09:00,2019,4,12,826.8804931640625,799.4397688333968,838.771473707351,796.6956964003301,101333000,1333460157,1102612192234.788,1102.6121922347882,,,,,,,,37.538063,6.8585176,1.9065487,3.4709513,,,,40.80847469412405,Technology,Information Technology Services,Japan,104194,2019-Q4
6701 JP,NEC CORP,2020-01-01 00:00:00+09:00,2020,1,1,900.0557861328125,826.8805189675433,947.6197097902376,818.6483014114505,184038500,1333460157,1200188529885.4185,1200.1885298854183,,,,,,,,37.538063,6.8585176,1.9065487,3.4709513,,,,37.10264768283589,Technology,Information Technology Services,Japan,104194,2020-Q1
6701 JP,NEC CORP,2020-02-01 00:00:00+09:00,2020,1,2,739.0701904296875,885.4207231880415,927.4965013560683,738.1554995999478,136708500,1333460157,985520652164.391,985.520652164391,,,,,,,,37.538063,6.8585176,1.9065487,3.4709513,,,,10.610436504206522,Technology,Information Technology Services,Japan,104194,2020-Q1
6701 JP,NEC CORP,2020-03-01 00:00:00+09:00,2020,1,3,721.69091796875,728.0937524754436,804.0130759119535,581.7432494653042,253228500,1333460157,962346084780.0835,962.3460847800835,,,,,,,,37.538063,6.8585176,1.9065487,3.4709513,,,,7.144207298342509,Technology,Information Technology Services,Japan,104194,2020-Q1
6701 JP,NEC CORP,2020-04-01 00:00:00+09:00,2020,2,4,769.8026123046875,735.6096991530987,805.8437910320379,684.782395819656,143372000,1333460157,1026501112262.8187,1026.5011122628187,,,,,,,,37.538063,6.8585176,1.9065487,3.4709513,,,,13.093407798506451,Technology,Information Technology Services,Japan,104194,2020-Q2
6701 JP,NEC CORP,2020-05-01 00:00:00+09:00,2020,2,5,893.6365356445312,759.6372619439552,929.6777196053758,746.699401034934,179508500,1333460157,1191628715121.4927,1191.6287151214926,,,,,,,,37.538063,6.8585176,1.9065487,3.4709513,,,,22.153167878227762,Technology,Information Technology Services,Japan,104194,2020-Q2
6701 JP,NEC CORP,2020-06-01 00:00:00+09:00,2020,2,6,955.553466796875,889.9400275874184,992.5187846613576,866.8367039221167,209860500,1333460157,1274192475856.8552,1274.1924758568553,,,,,,,,37.538063,6.8585176,1.9065487,3.4709513,,,,23.993483759571976,Technology,Information Technology Services,Japan,104194,2020-Q2
6701 JP,NEC CORP,2020-07-01 00:00:00+09:00,2020,3,7,1088.6282958984375,970.3393129824782,1118.2005416274274,950.0083940437977,208942000,1333460157,1451642458363.373,1451.642458363373,,,,,,,,37.538063,6.8585176,1.9065487,3.4709513,,,,33.6938111667225,Technology,Information Technology Services,Japan,104194,2020-Q3
6701 JP,NEC CORP,2020-08-01 00:00:00+09:00,2020,3,8,1033.1805419921875,974.0360386938869,1059.0562621851939,970.3395072377432,171730500,1333460157,1377705087734.2476,1377.7050877342476,,,,,,,,37.538063,6.8585176,1.9065487,3.4709513,,,,24.932248162434377,Technology,Information Technology Services,Japan,104194,2020-Q3
6701 JP,NEC CORP,2020-09-01 00:00:00+09:00,2020,3,9,1134.8353271484375,1025.7876328459004,1157.0145192099706,959.2500566613014,167665000,1333460157,1513257693508.502,1513.257693508502,,,,,,,,37.538063,6.8585176,1.9065487,3.4709513,,,,36.923409784414865,Technology,Information Technology Services,Japan,104194,2020-Q3
6701 JP,NEC CORP,2020-10-01 00:00:00+09:00,2020,4,10,976.776123046875,1142.3629324776784,1159.107666015625,973.0550711495536,177636000,1333460157,1302492042391.9373,1302.4920423919373,,,,,,,,37.538063,6.8585176,1.9065487,3.4709513,,,,24.17159772266335,Technology,Information Technology Services,Japan,104194,2020-Q4
6701 JP,NEC CORP,2020-11-01 00:00:00+09:00,2020,4,11,1047.47607421875,976.7760905237012,1075.383962519427,963.7524093167185,168834000,1333460157,1396767610381.478,1396.767610381478,,,,,,,,37.538063,6.8585176,1.9065487,3.4709513,,,,30.87651589932683,Technology,Information Technology Services,Japan,104194,2020-Q4
6701 JP,NEC CORP,2020-12-01 00:00:00+09:00,2020,4,12,1030.7315673828125,1058.6394618065349,1066.0815669861943,995.3815677794308,109676500,1333460157,1374439477667.141,1374.439477667141,,,,,,,,37.538063,6.8585176,1.9065487,3.4709513,,,,24.653027360545508,Technology,Information Technology Services,Japan,104194,2020-Q4
6701 JP,NEC CORP,2021-01-01 00:00:00+09:00,2021,1,1,1060.4998779296875,1030.731460303591,1118.1761870802493,1021.4288297954358,146966000,1333460157,1414134333722.602,1414.1343337226022,,,,,,,,37.538063,6.8585176,1.9065487,3.4709513,,,,17.826016372411836,Technology,Information Technology Services,Japan,104194,2021-Q1
6701 JP,NEC CORP,2021-02-01 00:00:00+09:00,2021,1,2,1079.10498046875,1153.5260136045258,1209.3417884563578,1079.10498046875,156904500,1333460157,1438943496675.3413,1438.9434966753413,,,,,,,,37.538063,6.8585176,1.9065487,3.4709513,,,,46.00845690195812,Technology,Information Technology Services,Japan,104194,2021-Q1
6701 JP,NEC CORP,2021-03-01 00:00:00+09:00,2021,1,3,1213.06298828125,1103.2919509981307,1267.0182438949867,1095.8498467755464,169165500,1333460157,1617571162804.4048,1617.5711628044048,,,,,,,,37.538063,6.8585176,1.9065487,3.4709513,,,,68.08622057978799,Technology,Information Technology Services,Japan,104194,2021-Q1
6701 JP,NEC CORP,2021-04-01 00:00:00+09:00,2021,2,4,1190.509765625,1229.8190503390329,1282.2314299577436,1153.0723516116352,102428500,1333460157,1587497338980.3457,1587.4973389803456,,,,,,,,37.538063,6.8585176,1.9065487,3.4709513,,,,54.65130237227576,Technology,Information Technology Services,Japan,104194,2021-Q2
6701 JP,NEC CORP,2021-05-01 00:00:00+09:00,2021,2,5,956.5259399414062,1190.5097804358795,1201.741004779614,933.127555891959,166158000,1333460157,1275489230048.84,1275.48923004884,,,,,,,,37.538063,6.8585176,1.9065487,3.4709513,,,,7.037470133370971,Technology,Information Technology Services,Japan,104194,2021-Q2
6701 JP,NEC CORP,2021-06-01 00:00:00+09:00,2021,2,6,1070.7099609375,964.0133389559659,1076.3255726207385,937.8071511008523,157961000,1333460157,1427749072613.1826,1427.7490726131825,,,,,,,,37.538063,6.8585176,1.9065487,3.4709513,,,,12.051287357749096,Technology,Information Technology Services,Japan,104194,2021-Q2
6701 JP,NEC CORP,2021-07-01 00:00:00+09:00,2021,3,7,1037.0164794921875,1066.9664139179547,1089.42886473728,1031.400866787356,112080000,1333460157,1382820157555.2397,1382.8201575552398,,,,,,,,37.538063,6.8585176,1.9065487,3.4709513,,,,-4.740995305808681,Technology,Information Technology Services,Japan,104194,2021-Q3
6701 JP,NEC CORP,2021-08-01 00:00:00+09:00,2021,3,8,1081.94140625,1065.0945677443772,1100.6601157006921,1018.2977941176471,85737000,1333460157,1442725757442.9258,1442.7257574429257,,,,,,,,37.538063,6.8585176,1.9065487,3.4709513,,,,4.719491151448829,Technology,Information Technology Services,Japan,104194,2021-Q3
6701 JP,NEC CORP,2021-09-01 00:00:00+09:00,2021,3,9,1136.2257080078125,1083.8133195000387,1211.1005487332038,1080.069577463769,127071000,1333460157,1515111710987.5337,1515.1117109875338,,,,,,,,37.538063,6.8585176,1.9065487,3.4709513,,,,0.1225182919594614,Technology,Information Technology Services,Japan,104194,2021-Q3
6701 JP,NEC CORP,2021-10-01 00:00:00+09:00,2021,4,10,1098.3585205078125,1137.9900135158264,1204.042501862516,1090.8096646967622,104852000,1333460157,1464617325198.6353,1464.6173251986352,,,,,,,,37.538063,6.8585176,1.9065487,3.4709513,,,,12.447314649920326,Technology,Information Technology Services,Japan,104194,2021-Q4
6701 JP,NEC CORP,2021-11-01 00:00:00+09:00,2021,4,11,966.2535400390625,1081.373590707779,1090.809660434723,954.9302563667297,158718500,1333460157,1288460597202.294,1288.460597202294,,,,,,,,37.538063,6.8585176,1.9065487,3.4709513,,,,-7.7541183210572795,Technology,Information Technology Services,Japan,104194,2021-Q4
6701 JP,NEC CORP,2021-12-01 00:00:00+09:00,2021,4,12,1002.110595703125,971.9151728570798,1034.193232477048,960.5918892898128,132597500,1333460157,1336274552277.6526,1336.2745522776527,,,,,,,,37.538063,6.8585176,1.9065487,3.4709513,,,,-2.7767628920457477,Technology,Information Technology Services,Japan,104194,2021-Q4
6701 JP,NEC CORP,2022-01-01 00:00:00+09:00,2022,1,1,839.8102416992188,1002.1106479601914,1028.5316443282566,817.1636733837341,126824500,1333460157,1119853496746.4482,1119.8534967464482,,,,,,,,37.538063,6.8585176,1.9065487,3.4709513,,,,-20.80996337890204,Technology,Information Technology Services,Japan,104194,2022-Q1
6701 JP,NEC CORP,2022-02-01 00:00:00+09:00,2022,1,2,935.114501953125,929.4528601653159,1013.4338800178166,906.8062930140798,123014500,1333460157,1246937930587.3909,1246.9379305873908,,,,,,,,37.538063,6.8585176,1.9065487,3.4709513,,,,-13.343509771688511,Technology,Information Technology Services,Japan,104194,2022-Q1
6701 JP,NEC CORP,2022-03-01 00:00:00+09:00,2022,1,3,971.9152221679688,968.1407941207145,1003.9978605696299,885.103377081121,121928500,1333460157,1296010224742.7896,1296.0102247427897,,,,,,,,37.538063,6.8585176,1.9065487,3.4709513,,,,-19.87924521998282,Technology,Information Technology Services,Japan,104194,2022-Q1
6701 JP,NEC CORP,2022-04-01 00:00:00+09:00,2022,2,4,962.3683471679688,969.9910667494972,1013.8217043432859,929.9717889464728,82081000,1333460157,1283279847306.4302,1283.2798473064302,,,,,,,,37.538063,6.8585176,1.9065487,3.4709513,,,,-19.163338684354294,Technology,Information Technology Services,Japan,104194,2022-Q2
6701 JP,NEC CORP,2022-05-01 00:00:00+09:00,2022,2,5,992.8590698242188,945.217079909429,1055.7464965117413,945.217079909429,136271000,1333460157,1323938011126.6768,1323.9380111266767,,,,,,,,37.538063,6.8585176,1.9065487,3.4709513,,,,3.798446896802221,Technology,Information Technology Services,Japan,104194,2022-Q2
6701 JP,NEC CORP,2022-06-01 00:00:00+09:00,2022,2,6,1004.293212890625,994.7648142863496,1030.9727289825962,950.9341807066829,104981000,1333460157,1339184985335.1672,1339.1849853351673,,,,,,,,37.538063,6.8585176,1.9065487,3.4709513,,,,-6.203056894018366,Technology,Information Technology Services,Japan,104194,2022-Q2
6701 JP,NEC CORP,2022-07-01 00:00:00+09:00,2022,3,7,932.830322265625,990.9535599144535,1065.2750769080376,932.830322265625,120276000,1333460157,1243892067982.681,1243.8920679826808,,,,,,,,37.538063,6.8585176,1.9065487,3.4709513,,,,-10.046721463633935,Technology,Information Technology Services,Japan,104194,2022-Q3
6701 JP,NEC CORP,2022-08-01 00:00:00+09:00,2022,3,8,971.896728515625,930.924611529182,979.5194479549632,908.0564532111673,128569500,1333460157,1295985564194.2317,1295.9855641942318,,,,,,,,37.538063,6.8585176,1.9065487,3.4709513,,,,-10.171038569989566,Technology,Information Technology Services,Japan,104194,2022-Q3
6701 JP,NEC CORP,2022-09-01 00:00:00+09:00,2022,3,9,881.3768310546875,962.3682155299831,983.3306915118243,870.8955930637668,133862000,1333460157,1175280887514.3462,1175.2808875143462,,,,,,,,37.538063,6.8585176,1.9065487,3.4709513,,,,-22.42942358697032,Technology,Information Technology Services,Japan,104194,2022-Q3
6701 JP,NEC CORP,2022-10-01 00:00:00+09:00,2022,4,10,949.7569580078125,886.1184207199794,966.1487024607392,878.4046586244845,124051000,1333460157,1266463062336.94,1266.4630623369399,,,,,,,,37.538063,6.8585176,1.9065487,3.4709513,,,,-13.52942229020957,Technology,Information Technology Services,Japan,104194,2022-Q4
6701 JP,NEC CORP,2022-11-01 00:00:00+09:00,2022,4,11,936.2578125,943.9715740859938,962.2917578527291,889.0110227857878,99565000,1333460157,1248462489648.7266,1248.4624896487267,,,,,,,,37.538063,6.8585176,1.9065487,3.4709513,,,,-3.10433300330778,Technology,Information Technology Services,Japan,104194,2022-Q4
6701 JP,NEC CORP,2022-12-01 00:00:00+09:00,2022,4,12,893.8321533203125,945.9000457467384,947.8284862069765,883.2257307890035,90659500,1333460157,1191889563498.1519,1191.8895634981518,,,,,,,,37.538063,6.8585176,1.9065487,3.4709513,,,,-10.805039169038988,Technology,Information Technology Services,Japan,104194,2022-Q4
6701 JP,NEC CORP,2023-01-01 00:00:00+09:00,2023,1,1,901.5458374023438,893.8320762267086,928.5440015170662,849.4779494668073,111795500,1333460157,1202175453885.2258,1202.1754538852258,,,,,,,,37.538063,6.8585176,1.9065487,3.4709513,,,,7.351136320773266,Technology,Information Technology Services,Japan,104194,2023-Q1
6701 JP,NEC CORP,2023-02-01 00:00:00+09:00,2023,1,2,940.1146850585938,904.4385380358573,948.7926667668269,902.51009765625,89333000,1333460157,1253605475536.238,1253.6054755362381,,,,,,,,37.538063,6.8585176,1.9065487,3.4709513,,,,0.5347134596913161,Technology,Information Technology Services,Japan,104194,2023-Q1
6701 JP,NEC CORP,2023-03-01 00:00:00+09:00,2023,1,3,983.504638671875,934.3294067382812,995.0752814797794,924.6872043983609,104521000,1333460157,1311464249893.6267,1311.4642498936266,,,,,,,,37.538063,6.8585176,1.9065487,3.4709513,,,,1.192430804618394,Technology,Information Technology Services,Japan,104194,2023-Q1
6701 JP,NEC CORP,2023-04-01 00:00:00+09:00,2023,2,4,1015.670654296875,1007.8727989855746,1019.5695819525251,978.6308415681982,87123500,1333460157,1354356350139.0037,1354.3563501390036,,,,,,,,37.538063,6.8585176,1.9065487,3.4709513,,,,5.538659629211917,Technology,Information Technology Services,Japan,104194,2023-Q2
6701 JP,NEC CORP,2023-05-01 00:00:00+09:00,2023,2,5,1276.89892578125,1167.7289412869752,1276.89892578125,1142.385909172233,179165500,1333460157,1702693842045.397,1702.6938420453969,,,,,,,,37.538063,6.8585176,1.9065487,3.4709513,,,,28.60827529201291,Technology,Information Technology Services,Japan,104194,2023-Q2
6701 JP,NEC CORP,2023-06-01 00:00:00+09:00,2023,2,6,1357.8017578125,1267.1516763505024,1384.1195233982412,1265.2022122330402,144753000,1333460157,1810574545147.5322,1810.5745451475323,,,,,,,,37.538063,6.8585176,1.9065487,3.4709513,,,,35.19973453812186,Technology,Information Technology Services,Japan,104194,2023-Q2
6701 JP,NEC CORP,2023-07-01 00:00:00+09:00,2023,3,7,1400.2999267578125,1374.3720801075606,1408.4876991173226,1299.1228194860769,99148500,1333460157,1867244160181.561,1867.244160181561,,,,,,,,37.538063,6.8585176,1.9065487,3.4709513,,,,50.11303699442509,Technology,Information Technology Services,Japan,104194,2023-Q3
6701 JP,NEC CORP,2023-08-01 00:00:00+09:00,2023,3,8,1498.3580322265625,1400.4950313873828,1499.13786544662,1356.04715553267,99555000,1333460157,1998000736895.043,1998.000736895043,,,,,,,,37.538063,6.8585176,1.9065487,3.4709513,,,,54.16844076787872,Technology,Information Technology Services,Japan,104194,2023-Q3
6701 JP,NEC CORP,2023-09-01 00:00:00+09:00,2023,3,9,1610.4522705078125,1497.9682853738975,1642.8134464635334,1492.7047084247176,125904500,1333460157,2147473937472.354,2147.473937472354,,,,,,,,37.538063,6.8585176,1.9065487,3.4709513,,,,82.72005954373529,Technology,Information Technology Services,Japan,104194,2023-Q3
6701 JP,NEC CORP,2023-10-01 00:00:00+09:00,2023,4,10,1414.93701171875,1626.2446979319031,1647.6504550062891,1372.321952140017,164443500,1333460157,1886762129791.5952,1886.7621297915953,,,,,,,,37.538063,6.8585176,1.9065487,3.4709513,,,,48.978851882979434,Technology,Information Technology Services,Japan,104194,2023-Q4
6701 JP,NEC CORP,2023-11-01 00:00:00+09:00,2023,4,11,1618.1929931640625,1399.2263442104304,1645.097439474354,1365.0557160699939,143357000,1333460157,2157795882720.8506,2157.7958827208504,,,,,,,,37.538063,6.8585176,1.9065487,3.4709513,,,,72.83626064952729,Technology,Information Technology Services,Japan,104194,2023-Q4
6701 JP,NEC CORP,2023-12-01 00:00:00+09:00,2023,4,12,1639.795166015625,1629.9760332849926,1667.6815269431133,1556.5288725148775,86622500,1333460157,2186601519523.0364,2186.6015195230366,,,,,,,,37.538063,6.8585176,1.9065487,3.4709513,,,,83.45672170376605,Technology,Information Technology Services,Japan,104194,2023-Q4
6701 JP,NEC CORP,2024-01-01 00:00:00+09:00,2024,1,1,1904.91162109375,1639.795055271424,1907.857360713998,1608.1774979590755,113211500,1333460157,2540123749334.7964,2540.1237493347962,1083986000000.0,1083986.0,335005000000.0,115481000000.0,118197000000.0,168574000000.0,0.5858294639725043,37.538063,6.8585176,1.9065487,3.4709513,,,,111.29392894569175,Technology,Information Technology Services,Japan,104194,2024-Q1
6701 JP,NEC CORP,2024-02-01 00:00:00+09:00,2024,1,2,1981.5009765625,1875.4543435254584,2025.6870736612673,1839.909131137656,116756000,1333460157,2642252603302.6846,2642.2526033026847,1083986000000.0,1083986.0,335005000000.0,115481000000.0,118197000000.0,168574000000.0,0.6093834706589117,37.538063,6.8585176,1.9065487,3.4709513,,0.0,,110.77226087995852,Technology,Information Technology Services,Japan,104194,2024-Q1
6701 JP,NEC CORP,2024-03-01 00:00:00+09:00,2024,1,3,2153.33544921875,1991.319786144836,2242.6895421867875,1901.5729039604948,116881500,1333460157,2871387026188.9,2871.3870261889,1083986000000.0,1083986.0,335005000000.0,115481000000.0,118197000000.0,168574000000.0,0.6622288078879478,37.538063,6.8585176,1.9065487,3.4709513,,0.0,,118.94512385082545,Technology,Information Technology Services,Japan,104194,2024-Q1
6701 JP,NEC CORP,2024-04-01 00:00:00+09:00,2024,2,4,2270.763671875,2169.0729509171197,2305.3187712296194,2067.3822299592393,96979000,1333460157,3027972882408.334,3027.972882408334,,,,,,,,37.538063,6.8585176,1.9065487,3.4709513,,0.0,,123.57283458652218,Technology,Information Technology Services,Japan,104194,2024-Q2
6701 JP,NEC CORP,2024-05-01 00:00:00+09:00,2024,2,5,2295.446044921875,2213.501089339718,2373.441846018145,2094.039166141633,95711000,1333460157,3060885843446.5527,3060.885843446553,,,,,,,,37.538063,6.8585176,1.9065487,3.4709513,,0.0,0.0,79.76724692735124,Technology,Information Technology Services,Japan,104194,2024-Q2
6701 JP,NEC CORP,2024-06-01 00:00:00+09:00,2024,2,6,2615.32763671875,2333.9503711601074,2709.1200585716306,2277.674918048379,97217000,1333460157,3487435201065.4233,3487.4352010654234,,,,,,,,37.538063,6.8585176,1.9065487,3.4709513,,0.0,0.0,92.61483656732037,Technology,Information Technology Services,Japan,104194,2024-Q2
6701 JP,NEC CORP,2024-07-01 00:00:00+09:00,2024,3,7,2566.95068359375,2626.1880070612983,2793.039801494892,2424.7811072716345,133132500,1333460157,3422926461556.179,3422.926461556179,,,,,,,,37.538063,6.8585176,1.9065487,3.4709513,,0.0,0.0,83.314348200899,Technology,Information Technology Services,Japan,104194,2024-Q3
6701 JP,NEC CORP,2024-08-01 00:00:00+09:00,2024,3,8,2540.2939453125,2543.255811552662,2555.1032765133114,1903.8876432800312,133654000,1333460157,3387380763142.5557,3387.3807631425557,,,,,,,,37.538063,6.8585176,1.9065487,3.4709513,,0.0,0.0,69.53851420528771,Technology,Information Technology Services,Japan,104194,2024-Q3
6701 JP,NEC CORP,2024-09-01 00:00:00+09:00,2024,3,9,2715.043701171875,2574.8487173295457,2819.6962947443185,2338.8867374822444,118368000,1333460157,3620402600026.51,3620.40260002651,,,,,,,,37.538063,6.8585176,1.9065487,3.4709513,,0.0,0.0,68.58889585816534,Technology,Information Technology Services,Japan,104194,2024-Q3
6701 JP,NEC CORP,2024-10-01 00:00:00+09:00,2024,4,10,2626.457275390625,2742.5492667849217,2871.54036833414,2517.3109586951323,133122000,1333460157,3502276130796.175,3502.2761307961746,,,,,,,,37.538063,6.8585176,1.9065487,3.4709513,,0.0,0.0,85.62361812842954,Technology,Information Technology Services,Japan,104194,2024-Q4
6701 JP,NEC CORP,2024-11-01 00:00:00+09:00,2024,4,11,2529.2177734375,2540.132404864653,2729.6500960088515,2402.2111531942674,112220500,1333460157,3372611129255.159,3372.611129255159,,,,,,,,37.538063,6.8585176,1.9065487,3.4709513,,0.0,0.0,56.29889538034061,Technology,Information Technology Services,Japan,104194,2024-Q4
6701 JP,NEC CORP,2024-12-01 00:00:00+09:00,2024,4,12,2722.70458984375,2549.06271549147,2770.3320753803755,2497.4662728267926,87722500,1333460157,3630618089837.6675,3630.6180898376674,,,,,,,,37.538063,6.8585176,1.9065487,3.4709513,,0.0,0.0,66.03931065728037,Technology,Information Technology Services,Japan,104194,2024-Q4
6701 JP,NEC CORP,2025-01-01 00:00:00+09:00,2025,1,1,3080.903076171875,2722.7046830968197,3129.5228026557465,2477.621572045466,98432500,1333460157,4108261499653.9316,4108.261499653931,,,,,,,,37.538063,6.8585176,1.9065487,3.4709513,,0.0,0.0,61.73469897794532,Technology,Information Technology Services,Japan,104194,2025-Q1
6701 JP,NEC CORP,2025-02-01 00:00:00+09:00,2025,1,2,2870.54833984375,3023.353194436193,3141.429672984899,2869.5561005282148,91714500,1333460157,3827761839924.136,3827.7618399241364,,,,,,,,37.538063,6.8585176,1.9065487,3.4709513,,0.0,0.0,44.867369423333116,Technology,Information Technology Services,Japan,104194,2025-Q1
6701 JP,NEC CORP,2025-03-01 00:00:00+09:00,2025,1,3,3120.592529296875,2956.8730484275634,3214.8552607064785,2712.78218604059,110952300,1333460157,4161185804049.2383,4161.185804049238,,,,,,,,37.538063,6.8585176,1.9065487,3.4709513,,0.0,0.0,44.91901530850917,Technology,Information Technology Services,Japan,104194,2025-Q1
6701 JP,NEC CORP,2025-04-01 00:00:00+09:00,2025,2,4,3464.179443359375,3204.067005293553,3494.077424746251,2651.452649326127,120072600,1333460157,4619345264418.165,4619.345264418165,,,,,,,,37.538063,6.8585176,1.9065487,3.4709513,,0.0,0.0,52.555701250009676,Technology,Information Technology Services,Japan,104194,2025-Q2
6701 JP,NEC CORP,2025-05-01 00:00:00+09:00,2025,2,5,3772.128662109375,3508.0298257926024,3819.9654324610924,3431.291673353389,94437500,1333460157,5029983278000.567,5029.983278000567,,,,,,,,37.538063,6.8585176,1.9065487,3.4709513,,0.0,0.0,64.33096610806021,Technology,Information Technology Services,Japan,104194,2025-Q2
6701 JP,NEC CORP,2025-06-01 00:00:00+09:00,2025,2,6,4204.65283203125,3748.210310801027,4275.411388815848,3724.29192540905,85726400,1333460157,5606737025530.885,5606.737025530885,,,,,,,,37.538063,6.8585176,1.9065487,3.4709513,,0.0,0.0,60.76964021634028,Technology,Information Technology Services,Japan,104194,2025-Q2
6701 JP,NEC CORP,2025-07-01 00:00:00+09:00,2025,3,7,4384.04052734375,4189.703654683593,4409.952110365104,3767.1455315661233,98484300,1333460157,5845943369886.16,5845.94336988616,,,,,,,,37.538063,6.8585176,1.9065487,3.4709513,,0.0,0.0,70.7878750987947,Technology,Information Technology Services,Japan,104194,2025-Q3
6701 JP,NEC CORP,2025-08-01 00:00:00+09:00,2025,3,8,4521.5712890625,4333.214010324829,4723.880958817776,4330.224212249628,86831300,1333460157,6029335160999.974,6029.335160999974,,,,,,,,37.538063,6.8585176,1.9065487,3.4709513,,0.0,0.0,77.99401905460468,Technology,Information Technology Services,Japan,104194,2025-Q3
6701 JP,NEC CORP,2025-09-01 00:00:00+09:00,2025,3,9,4722.88427734375,4458.785451959472,4801.615625288497,4292.353362000323,77031300,1333460157,6297778009959.629,6297.778009959629,,,,,,,,37.538063,6.8585176,1.9065487,3.4709513,,0.0,0.0,73.95242202934872,Technology,Information Technology Services,Japan,104194,2025-Q3
6701 JP,NEC CORP,2025-10-01 00:00:00+09:00,2025,4,10,4931.0,4720.0,5093.0,4462.0,41902500,1333460157,6575292034167.0,6575.292034167,,,,,,,,37.538063,6.8585176,1.9065487,3.4709513,,0.0,0.0,87.74339282814442,Technology,Information Technology Services,Japan,104194,2025-Q4
