ticker,company_name,date,year,quarter,month,close_price,open_price,high_price,low_price,volume,shares_outstanding,market_cap,market_cap_billions,revenue,revenue_millions,gross_profit,net_income,operating_income,ebitda,ps_ratio,current_pe,forward_pe,current_ps,current_pb,peg_ratio,revenue_qoq_pct,revenue_yoy_pct,market_cap_yoy_pct,sector,industry,country,employees,year_quarter
6954 JP,FANUC CORP,2015-01-01 00:00:00+09:00,2015,1,1,3083.814453125,3092.3418435182566,3257.4631302240446,2900.087951015743,127352000,933160187,2877692871751.4277,2877.692871751428,,,,,,,,29.976479,27.237017,5.5108895,2.5702527,,,,,Industrials,Specialty Industrial Machinery,Japan,10113,2015-Q1
6954 JP,FANUC CORP,2015-02-01 00:00:00+09:00,2015,1,2,3557.472412109375,3059.007657045891,3641.971103092143,3048.1546141673703,117369500,933160187,3319691621331.325,3319.691621331325,,,,,,,,29.976479,27.237017,5.5108895,2.5702527,,,,,Industrials,Specialty Industrial Machinery,Japan,10113,2015-Q1
6954 JP,FANUC CORP,2015-03-01 00:00:00+09:00,2015,1,3,4069.89111328125,3565.9998325892857,4346.643708984375,3506.3080962611607,156542500,933160187,3797860352339.1694,3797.8603523391694,,,,,,,,29.976479,27.237017,5.5108895,2.5702527,,,,,Industrials,Specialty Industrial Machinery,Japan,10113,2015-Q1
6954 JP,FANUC CORP,2015-04-01 00:00:00+09:00,2015,2,4,4190.19482421875,4123.846781761752,4514.036460020765,4038.5421557456116,121739500,933160187,3910122985734.401,3910.122985734401,,,,,,,,29.976479,27.237017,5.5108895,2.5702527,,,,,Industrials,Specialty Industrial Machinery,Japan,10113,2015-Q2
6954 JP,FANUC CORP,2015-05-01 00:00:00+09:00,2015,2,5,4350.53662109375,4190.19549290166,4355.275767739821,3947.709156177662,109551000,933160187,4059747566890.192,4059.747566890192,,,,,,,,29.976479,27.237017,5.5108895,2.5702527,,,,,Industrials,Specialty Industrial Machinery,Japan,10113,2015-Q2
6954 JP,FANUC CORP,2015-06-01 00:00:00+09:00,2015,2,6,3961.92626953125,4423.993029434715,4454.797480094947,3887.679644863001,127746000,933160187,3697111858555.9937,3697.111858555994,,,,,,,,29.976479,27.237017,5.5108895,2.5702527,,,,,Industrials,Specialty Industrial Machinery,Japan,10113,2015-Q2
6954 JP,FANUC CORP,2015-07-01 00:00:00+09:00,2015,3,7,3266.851318359375,3988.781227687341,4047.2306951821656,3157.061102389367,132422000,933160187,3048495587141.4307,3048.495587141431,,,,,,,,29.976479,27.237017,5.5108895,2.5702527,,,,,Industrials,Specialty Industrial Machinery,Japan,10113,2015-Q3
6954 JP,FANUC CORP,2015-08-01 00:00:00+09:00,2015,3,8,3114.40966796875,3242.366646465057,3499.8603192415753,2878.2421582749494,141160000,933160187,2906243108156.3267,2906.243108156327,,,,,,,,29.976479,27.237017,5.5108895,2.5702527,,,,,Industrials,Specialty Industrial Machinery,Japan,10113,2015-Q3
6954 JP,FANUC CORP,2015-09-01 00:00:00+09:00,2015,3,9,2893.249267578125,3084.3948648355386,3317.4029276080055,2832.4302139053116,135154000,933160187,2699865027570.8164,2699.8650275708164,,,,,,,,29.976479,27.237017,5.5108895,2.5702527,,,,,Industrials,Specialty Industrial Machinery,Japan,10113,2015-Q3
6954 JP,FANUC CORP,2015-10-01 00:00:00+09:00,2015,4,10,3455.318115234375,2981.62453924191,3478.561962448895,2936.7398687586983,130462000,933160187,3224365298556.5967,3224.365298556597,,,,,,,,29.976479,27.237017,5.5108895,2.5702527,,,,,Industrials,Specialty Industrial Machinery,Japan,10113,2015-Q4
6954 JP,FANUC CORP,2015-11-01 00:00:00+09:00,2015,4,11,3513.828369140625,3375.9683145119325,3566.728157544658,3351.1214442009473,100064500,933160187,3278964738033.171,3278.9647380331708,,,,,,,,29.976479,27.237017,5.5108895,2.5702527,,,,,Industrials,Specialty Industrial Machinery,Japan,10113,2015-Q4
6954 JP,FANUC CORP,2015-12-01 00:00:00+09:00,2015,4,12,3379.173583984375,3534.6668656003544,3653.2906062146067,3278.9846138709863,104491500,933160187,3153310253536.3193,3153.310253536319,,,,,,,,29.976479,27.237017,5.5108895,2.5702527,,,,,Industrials,Specialty Industrial Machinery,Japan,10113,2015-Q4
6954 JP,FANUC CORP,2016-01-01 00:00:00+09:00,2016,1,1,2534.380126953125,3379.1735026041665,3379.1735026041665,2504.724192513762,148563500,933160187,2364982633196.662,2364.982633196662,,,,,,,,29.976479,27.237017,5.5108895,2.5702527,,,,-17.816711560421627,Industrials,Specialty Industrial Machinery,Japan,10113,2016-Q1
6954 JP,FANUC CORP,2016-02-01 00:00:00+09:00,2016,1,2,2661.01953125,2545.601816641566,2827.734007906626,2452.6264354292166,180459000,933160187,2483157483391.9023,2483.157483391902,,,,,,,,29.976479,27.237017,5.5108895,2.5702527,,,,-25.19915201050934,Industrials,Specialty Industrial Machinery,Japan,10113,2016-Q1
6954 JP,FANUC CORP,2016-03-01 00:00:00+09:00,2016,1,3,2802.886962890625,2661.019364254182,2980.822595078706,2602.508998714858,121481000,933160187,2615542522430.878,2615.542522430878,,,,,,,,29.976479,27.237017,5.5108895,2.5702527,,,,-31.131155972601288,Industrials,Specialty Industrial Machinery,Japan,10113,2016-Q1
6954 JP,FANUC CORP,2016-04-01 00:00:00+09:00,2016,2,4,2677.465087890625,2838.064326728051,3101.6741884561497,2604.465433873613,128725000,933160187,2498503822101.9873,2498.503822101987,,,,,,,,29.976479,27.237017,5.5108895,2.5702527,,,,-36.101656361769976,Industrials,Specialty Industrial Machinery,Japan,10113,2016-Q2
6954 JP,FANUC CORP,2016-05-01 00:00:00+09:00,2016,2,5,2754.52099609375,2603.655005141619,2765.876500789072,2545.255266708536,91522500,933160187,2570409327810.27,2570.40932781027,,,,,,,,29.976479,27.237017,5.5108895,2.5702527,,,,-36.6854888029595,Industrials,Specialty Industrial Machinery,Japan,10113,2016-Q2
6954 JP,FANUC CORP,2016-06-01 00:00:00+09:00,2016,2,6,2682.332275390625,2729.3765064074546,2766.6874482483886,2505.5108553618506,123502500,933160187,2503045687699.6514,2503.0456876996514,,,,,,,,29.976479,27.237017,5.5108895,2.5702527,,,,-32.29726923444283,Industrials,Specialty Industrial Machinery,Japan,10113,2016-Q2
6954 JP,FANUC CORP,2016-07-01 00:00:00+09:00,2016,3,7,2810.48681640625,2701.798437359082,2928.097375822962,2508.7548984544105,100393000,933160187,2622634403158.691,2622.634403158691,,,,,,,,29.976479,27.237017,5.5108895,2.5702527,,,,-13.96955225321711,Industrials,Specialty Industrial Machinery,Japan,10113,2016-Q3
6954 JP,FANUC CORP,2016-08-01 00:00:00+09:00,2016,3,8,2859.964111328125,2809.675462745498,2875.375148796995,2679.898305112911,97725000,933160187,2668804644940.242,2668.8046449402423,,,,,,,,29.976479,27.237017,5.5108895,2.5702527,,,,-8.169944990139232,Industrials,Specialty Industrial Machinery,Japan,10113,2016-Q3
6954 JP,FANUC CORP,2016-09-01 00:00:00+09:00,2016,3,9,2759.387451171875,2868.0758457800557,2868.0758457800557,2692.8766425310478,76574500,933160187,2574950509941.0,2574.950509941,,,,,,,,29.976479,27.237017,5.5108895,2.5702527,,,,-4.626694903419204,Industrials,Specialty Industrial Machinery,Japan,10113,2016-Q3
6954 JP,FANUC CORP,2016-10-01 00:00:00+09:00,2016,4,10,3228.052490234375,2832.7472818266083,3269.059254592027,2808.1432232120173,92449500,933160187,3012290065432.925,3012.2900654329246,,,,,,,,29.976479,27.237017,5.5108895,2.5702527,,,,-6.577270671490243,Industrials,Specialty Industrial Machinery,Japan,10113,2016-Q4
6954 JP,FANUC CORP,2016-11-01 00:00:00+09:00,2016,4,11,3166.54248046875,3162.4418038558665,3262.4983132102275,2918.041477728001,110400000,933160187,2954891373217.6626,2954.8913732176625,,,,,,,,29.976479,27.237017,5.5108895,2.5702527,,,,-9.883404998429413,Industrials,Specialty Industrial Machinery,Japan,10113,2016-Q4
6954 JP,FANUC CORP,2016-12-01 00:00:00+09:00,2016,4,12,3250.19677734375,3214.9309531131717,3467.532670857778,3159.9818781492477,94813000,933160187,3032954232532.891,3032.954232532891,,,,,,,,29.976479,27.237017,5.5108895,2.5702527,,,,-3.816815071350921,Industrials,Specialty Industrial Machinery,Japan,10113,2016-Q4
6954 JP,FANUC CORP,2017-01-01 00:00:00+09:00,2017,1,1,3635.66064453125,3250.196962390558,3734.0769038012136,3223.952626585234,94375500,933160187,3392653766919.322,3392.6537669193217,,,,,,,,29.976479,27.237017,5.5108895,2.5702527,,,,43.453643984420864,Industrials,Specialty Industrial Machinery,Japan,10113,2017-Q1
6954 JP,FANUC CORP,2017-02-01 00:00:00+09:00,2017,1,2,3629.097900390625,3600.393171234993,3759.499384269068,3503.6172272245763,69690500,933160187,3386529675369.823,3386.529675369823,,,,,,,,29.976479,27.237017,5.5108895,2.5702527,,,,36.3799798450136,Industrials,Specialty Industrial Machinery,Japan,10113,2017-Q1
6954 JP,FANUC CORP,2017-03-01 00:00:00+09:00,2017,1,3,3743.09765625,3633.199521732581,3839.8736254519063,3572.5095071483347,93197500,933160187,3492909708865.5117,3492.9097088655117,,,,,,,,29.976479,27.237017,5.5108895,2.5702527,,,,33.544367140290696,Industrials,Specialty Industrial Machinery,Japan,10113,2017-Q1
6954 JP,FANUC CORP,2017-04-01 00:00:00+09:00,2017,2,4,3750.175048828125,3781.626527939904,3858.599884713467,3595.400664778057,96215000,933160187,3499514049847.1875,3499.5140498471874,,,,,,,,29.976479,27.237017,5.5108895,2.5702527,,,,40.06438648963331,Industrials,Specialty Industrial Machinery,Japan,10113,2017-Q2
6954 JP,FANUC CORP,2017-05-01 00:00:00+09:00,2017,2,5,3603.676513671875,3729.4824002309297,3861.909649240461,3579.674074788897,86349000,933160187,3362807449385.5547,3362.8074493855547,,,,,,,,29.976479,27.237017,5.5108895,2.5702527,,,,30.827701759483105,Industrials,Specialty Industrial Machinery,Japan,10113,2017-Q2
6954 JP,FANUC CORP,2017-06-01 00:00:00+09:00,2017,2,6,3584.640380859375,3603.6767994139273,3717.8953107412403,3482.8369251111176,91947000,933160187,3345043688130.4854,3345.0436881304854,,,,,,,,29.976479,27.237017,5.5108895,2.5702527,,,,33.63893853670115,Industrials,Specialty Industrial Machinery,Japan,10113,2017-Q2
6954 JP,FANUC CORP,2017-07-01 00:00:00+09:00,2017,3,7,3735.276611328125,3567.25951580417,3918.191774435485,3563.948834118969,83332500,933160187,3485611421123.6797,3485.6114211236795,,,,,,,,29.976479,27.237017,5.5108895,2.5702527,,,,32.90496826113554,Industrials,Specialty Industrial Machinery,Japan,10113,2017-Q3
6954 JP,FANUC CORP,2017-08-01 00:00:00+09:00,2017,3,8,3532.496826171875,3725.3440052951287,3796.5236508084326,3443.9361044285783,71725500,933160187,3296385398887.453,3296.385398887453,,,,,,,,29.976479,27.237017,5.5108895,2.5702527,,,,23.51542497263839,Industrials,Specialty Industrial Machinery,Japan,10113,2017-Q3
6954 JP,FANUC CORP,2017-09-01 00:00:00+09:00,2017,3,9,3772.52197265625,3539.1189019478115,3844.5293029811937,3463.8008897688474,82813500,933160187,3520367309465.515,3520.367309465515,,,,,,,,29.976479,27.237017,5.5108895,2.5702527,,,,36.71592117497349,Industrials,Specialty Industrial Machinery,Japan,10113,2017-Q3
6954 JP,FANUC CORP,2017-10-01 00:00:00+09:00,2017,4,10,4416.8056640625,3845.6525615045507,4482.12815966297,3828.065735765963,131283500,933160187,4121587199419.2217,4121.587199419222,,,,,,,,29.976479,27.237017,5.5108895,2.5702527,,,,36.825707680540695,Industrials,Specialty Industrial Machinery,Japan,10113,2017-Q4
6954 JP,FANUC CORP,2017-11-01 00:00:00+09:00,2017,4,11,4680.60791015625,4453.654118126845,4891.649812707578,4427.692614241562,117925500,933160187,4367756952715.0854,4367.756952715085,,,,,,,,29.976479,27.237017,5.5108895,2.5702527,,,,47.81446764179742,Industrials,Specialty Industrial Machinery,Japan,10113,2017-Q4
6954 JP,FANUC CORP,2017-12-01 00:00:00+09:00,2017,4,12,4532.3759765625,4737.555598561357,4776.916587271342,4360.695068359375,83469000,933160187,4229432813843.37,4229.43281384337,,,,,,,,29.976479,27.237017,5.5108895,2.5702527,,,,39.44927913769645,Industrials,Specialty Industrial Machinery,Japan,10113,2017-Q4
6954 JP,FANUC CORP,2018-01-01 00:00:00+09:00,2018,1,1,4936.8740234375,4532.376966046438,5602.66110547869,4532.376966046438,144568000,933160187,4606894286906.38,4606.89428690638,,,,,,,,29.976479,27.237017,5.5108895,2.5702527,,,,35.790286996767186,Industrials,Specialty Industrial Machinery,Japan,10113,2018-Q1
6954 JP,FANUC CORP,2018-02-01 00:00:00+09:00,2018,1,2,4574.24951171875,4999.683190216209,5073.380362869313,4374.9321584069485,144240500,933160187,4268507529740.1274,4268.507529740127,,,,,,,,29.976479,27.237017,5.5108895,2.5702527,,,,26.043706653005728,Industrials,Specialty Industrial Machinery,Japan,10113,2018-Q1
6954 JP,FANUC CORP,2018-03-01 00:00:00+09:00,2018,1,3,4515.626953125,4547.450733580999,4607.748422866051,4211.62610297953,142058500,933160187,4213803292000.365,4213.803292000365,,,,,,,,29.976479,27.237017,5.5108895,2.5702527,,,,20.638769485083476,Industrials,Specialty Industrial Machinery,Japan,10113,2018-Q1
6954 JP,FANUC CORP,2018-04-01 00:00:00+09:00,2018,2,4,3990.58447265625,4573.250456779234,4638.461620699974,3792.4102861958163,123725000,933160187,3723854552743.2026,3723.8545527432025,,,,,,,,29.976479,27.237017,5.5108895,2.5702527,,,,6.410618723071315,Industrials,Specialty Industrial Machinery,Japan,10113,2018-Q2
6954 JP,FANUC CORP,2018-05-01 00:00:00+09:00,2018,2,5,3941.4638671875,4069.3454838495786,4235.337516073203,3878.7934060418456,98217500,933160187,3678017159358.4307,3678.0171593584305,,,,,,,,29.976479,27.237017,5.5108895,2.5702527,,,,9.373409412140754,Industrials,Specialty Industrial Machinery,Japan,10113,2018-Q2
6954 JP,FANUC CORP,2018-06-01 00:00:00+09:00,2018,2,6,3727.198486328125,3895.7312058871566,3938.92300838721,3619.64242912211,95950000,933160187,3478073236488.0703,3478.0732364880705,,,,,,,,29.976479,27.237017,5.5108895,2.5702527,,,,3.9769151245953926,Industrials,Specialty Industrial Machinery,Japan,10113,2018-Q2
6954 JP,FANUC CORP,2018-07-01 00:00:00+09:00,2018,3,7,3712.80078125,3744.1360068216813,3789.868498196567,3458.731384722856,117923500,933160187,3464637871324.996,3464.637871324996,,,,,,,,29.976479,27.237017,5.5108895,2.5702527,,,,-0.6017179560400376,Industrials,Specialty Industrial Machinery,Japan,10113,2018-Q3
6954 JP,FANUC CORP,2018-08-01 00:00:00+09:00,2018,3,8,3688.241943359375,3786.4821420803137,3847.4588171484825,3575.6044741362302,110404500,933160187,3441720541566.4775,3441.7205415664776,,,,,,,,29.976479,27.237017,5.5108895,2.5702527,,,,4.408924476126974,Industrials,Specialty Industrial Machinery,Japan,10113,2018-Q3
6954 JP,FANUC CORP,2018-09-01 00:00:00+09:00,2018,3,9,3628.111083984375,3702.6381090522145,3861.8549353335084,3466.3535636666775,107405500,933160187,3385608817587.632,3385.6088175876316,,,,,,,,29.976479,27.237017,5.5108895,2.5702527,,,,-3.8279668009513212,Industrials,Specialty Industrial Machinery,Japan,10113,2018-Q3
6954 JP,FANUC CORP,2018-10-01 00:00:00+09:00,2018,4,10,3434.021728515625,3723.7428421704776,3916.8902512737127,3023.365975827666,167335500,933160187,3204492358343.704,3204.492358343704,,,,,,,,29.976479,27.237017,5.5108895,2.5702527,,,,-22.251011484234684,Industrials,Specialty Industrial Machinery,Japan,10113,2018-Q4
6954 JP,FANUC CORP,2018-11-01 00:00:00+09:00,2018,4,11,3373.989501953125,3514.9349117820075,3824.6668000479467,3132.9902518136164,145749000,933160187,3148472674578.615,3148.472674578615,,,,,,,,29.976479,27.237017,5.5108895,2.5702527,,,,-27.915570654144084,Industrials,Specialty Industrial Machinery,Japan,10113,2018-Q4
6954 JP,FANUC CORP,2018-12-01 00:00:00+09:00,2018,4,12,2900.69140625,3437.5020234234403,3493.184161995726,2742.345324685063,138654500,933160187,2706809735085.543,2706.809735085543,,,,,,,,29.976479,27.237017,5.5108895,2.5702527,,,,-36.00064466739191,Industrials,Specialty Industrial Machinery,Japan,10113,2018-Q4
6954 JP,FANUC CORP,2019-01-01 00:00:00+09:00,2019,1,1,3194.7626953125,2900.6914014629288,3318.3074400658697,2709.284050436581,117290500,933160187,2981225354178.4365,2981.2253541784366,,,,,,,,29.976479,27.237017,5.5108895,2.5702527,,,,-35.287741187124396,Industrials,Specialty Industrial Machinery,Japan,10113,2019-Q1
6954 JP,FANUC CORP,2019-02-01 00:00:00+09:00,2019,1,2,3208.68310546875,3306.126844029623,3404.440615970504,3125.1599009880015,88532000,933160187,2994215326722.9595,2994.2153267229596,,,,,,,,29.976479,27.237017,5.5108895,2.5702527,,,,-29.85334321513423,Industrials,Specialty Industrial Machinery,Japan,10113,2019-Q1
6954 JP,FANUC CORP,2019-03-01 00:00:00+09:00,2019,1,3,3285.24609375,3239.134323895988,3431.411703853284,3132.9902498924125,79494500,933160187,3065660859184.7695,3065.6608591847694,,,,,,,,29.976479,27.237017,5.5108895,2.5702527,,,,-27.24717679620381,Industrials,Specialty Industrial Machinery,Japan,10113,2019-Q1
6954 JP,FANUC CORP,2019-04-01 00:00:00+09:00,2019,2,4,3693.290771484375,3427.516056520758,3921.7325833427344,3415.0717554856724,102680000,933160187,3446431906963.7334,3446.4319069637336,,,,,,,,29.976479,27.237017,5.5108895,2.5702527,,,,-7.449878663362508,Industrials,Specialty Industrial Machinery,Japan,10113,2019-Q2
6954 JP,FANUC CORP,2019-05-01 00:00:00+09:00,2019,2,5,3284.406494140625,3693.2906584991333,3693.2906584991333,3193.740875087217,110148500,933160187,3064877378256.2803,3064.8773782562803,,,,,,,,29.976479,27.237017,5.5108895,2.5702527,,,,-16.67038935753912,Industrials,Specialty Industrial Machinery,Japan,10113,2019-Q2
6954 JP,FANUC CORP,2019-06-01 00:00:00+09:00,2019,2,6,3543.06982421875,3217.740281904635,3591.069264888046,3131.5190644060854,81625000,933160187,3306251699722.026,3306.251699722026,,,,,,,,29.976479,27.237017,5.5108895,2.5702527,,,,-4.9401356752205245,Industrials,Specialty Industrial Machinery,Japan,10113,2019-Q2
6954 JP,FANUC CORP,2019-07-01 00:00:00+09:00,2019,3,7,3471.959228515625,3631.9573496453772,3659.5125816177238,3265.7394279483888,87622500,933160187,3239894122938.0166,3239.8941229380166,,,,,,,,29.976479,27.237017,5.5108895,2.5702527,,,,-6.486789001732807,Industrials,Specialty Industrial Machinery,Japan,10113,2019-Q3
6954 JP,FANUC CORP,2019-08-01 00:00:00+09:00,2019,3,8,3280.8505859375,3439.9598394955633,3503.0702138118904,3125.2968464254263,106398000,933160187,3061559146292.497,3061.559146292497,,,,,,,,29.976479,27.237017,5.5108895,2.5702527,,,,-11.045678772656897,Industrials,Specialty Industrial Machinery,Japan,10113,2019-Q3
6954 JP,FANUC CORP,2019-09-01 00:00:00+09:00,2019,3,9,3615.9580078125,3263.962095547566,3663.068571827756,3178.6297531803098,105115500,933160187,3374268050754.46,3374.26805075446,,,,,,,,29.976479,27.237017,5.5108895,2.5702527,,,,-0.334969792560158,Industrials,Specialty Industrial Machinery,Japan,10113,2019-Q3
6954 JP,FANUC CORP,2019-10-01 00:00:00+09:00,2019,4,10,3864.216796875,3654.9050537109374,3888.3681518554686,3360.616320800781,91211500,933160187,3605933268780.416,3605.933268780416,,,,,,,,29.976479,27.237017,5.5108895,2.5702527,,,,12.527441652075066,Industrials,Specialty Industrial Machinery,Japan,10113,2019-Q4
6954 JP,FANUC CORP,2019-11-01 00:00:00+09:00,2019,4,11,3739.8828125,3810.5479027146616,3906.25884768895,3619.126012766085,64311500,933160187,3489909744670.586,3489.909744670586,,,,,,,,29.976479,27.237017,5.5108895,2.5702527,,,,10.84453020185947,Industrials,Specialty Industrial Machinery,Japan,10113,2019-Q4
6954 JP,FANUC CORP,2019-12-01 00:00:00+09:00,2019,4,12,3637.015380859375,3758.6666577400624,3941.1435730610933,3625.386949981074,69956500,933160187,3393917952924.6104,3393.9179529246103,,,,,,,,29.976479,27.237017,5.5108895,2.5702527,,,,25.384429830172483,Industrials,Specialty Industrial Machinery,Japan,10113,2019-Q4
6954 JP,FANUC CORP,2020-01-01 00:00:00+09:00,2020,1,1,3635.225830078125,3637.0148191677304,3792.656869963398,3501.946142902524,79015500,933160187,3392248015382.9336,3392.2480153829338,,,,,,,,29.976479,27.237017,5.5108895,2.5702527,,,,13.787037622916177,Industrials,Specialty Industrial Machinery,Japan,10113,2020-Q1
6954 JP,FANUC CORP,2020-02-01 00:00:00+09:00,2020,1,2,3214.813720703125,3586.9234891540154,3764.033427022468,3176.350451368057,72672000,933160187,2999936172781.494,2999.936172781494,,,,,,,,29.976479,27.237017,5.5108895,2.5702527,,,,0.19106328150406693,Industrials,Specialty Industrial Machinery,Japan,10113,2020-Q1
6954 JP,FANUC CORP,2020-03-01 00:00:00+09:00,2020,1,3,2621.763671875,3178.1393129211447,3295.318105488741,2150.3650178053563,205529000,933160187,2446525478316.6816,2446.5254783166815,,,,,,,,29.976479,27.237017,5.5108895,2.5702527,,,,-20.195821041755103,Industrials,Specialty Industrial Machinery,Japan,10113,2020-Q1
6954 JP,FANUC CORP,2020-04-01 00:00:00+09:00,2020,2,4,3226.8447265625,2616.0426540920325,3309.189894851111,2437.7789381265775,136545500,933160187,3011163028459.0264,3011.1630284590265,,,,,,,,29.976479,27.237017,5.5108895,2.5702527,,,,-12.629551090947677,Industrials,Specialty Industrial Machinery,Japan,10113,2020-Q2
6954 JP,FANUC CORP,2020-05-01 00:00:00+09:00,2020,2,5,3477.5,3187.934556336196,3587.896825396825,3063.05945875618,87958000,933160187,3245064550292.5,3245.0645502925,,,,,,,,29.976479,27.237017,5.5108895,2.5702527,,,,5.879098893631252,Industrials,Specialty Industrial Machinery,Japan,10113,2020-Q2
6954 JP,FANUC CORP,2020-06-01 00:00:00+09:00,2020,2,6,3485.643798828125,3510.075881530191,3788.7826027241326,3405.108415106499,103759500,933160187,3252664019129.8438,3252.664019129844,,,,,,,,29.976479,27.237017,5.5108895,2.5702527,,,,-1.620798579753846,Industrials,Specialty Industrial Machinery,Japan,10113,2020-Q2
6954 JP,FANUC CORP,2020-07-01 00:00:00+09:00,2020,3,7,3204.222412109375,3492.8829457052207,3848.505483959664,3204.222412109375,81621000,933160187,2990052785273.575,2990.0527852735754,,,,,,,,29.976479,27.237017,5.5108895,2.5702527,,,,-7.7114043911373,Industrials,Specialty Industrial Machinery,Japan,10113,2020-Q3
6954 JP,FANUC CORP,2020-08-01 00:00:00+09:00,2020,3,8,3367.103271484375,3257.6113349486022,3593.3262808558056,3252.181982723688,64502000,933160187,3142046718466.671,3142.046718466671,,,,,,,,29.976479,27.237017,5.5108895,2.5702527,,,,2.6289732887128103,Industrials,Specialty Industrial Machinery,Japan,10113,2020-Q3
6954 JP,FANUC CORP,2020-09-01 00:00:00+09:00,2020,3,9,3641.28515625,3349.909952395005,3873.8423841715335,3349.909952395005,84497000,933160187,3397902337326.574,3397.902337326574,,,,,,,,29.976479,27.237017,5.5108895,2.5702527,,,,0.700427062006237,Industrials,Specialty Industrial Machinery,Japan,10113,2020-Q3
6954 JP,FANUC CORP,2020-10-01 00:00:00+09:00,2020,4,10,4008.033203125,3657.216691468254,4125.274990699405,3641.7662233382935,81108000,933160187,3740137013330.334,3740.137013330334,,,,,,,,29.976479,27.237017,5.5108895,2.5702527,,,,3.7217478679328897,Industrials,Specialty Industrial Machinery,Japan,10113,2020-Q4
6954 JP,FANUC CORP,2020-11-01 00:00:00+09:00,2020,4,11,4610.6015625,4023.483760533708,4784.192120047309,3953.502226862803,101215500,933160187,4302429816244.992,4302.429816244992,,,,,,,,29.976479,27.237017,5.5108895,2.5702527,,,,23.281979507212156,Industrials,Specialty Industrial Machinery,Japan,10113,2020-Q4
6954 JP,FANUC CORP,2020-12-01 00:00:00+09:00,2020,4,12,4609.6923828125,4686.944719669571,4817.819266815667,4540.61970515206,72223000,933160187,4301581405957.788,4301.581405957788,,,,,,,,29.976479,27.237017,5.5108895,2.5702527,,,,26.743824265139505,Industrials,Specialty Industrial Machinery,Japan,10113,2020-Q4
6954 JP,FANUC CORP,2021-01-01 00:00:00+09:00,2021,1,1,4974.142578125,4609.693249817285,5153.186263104101,4535.1674520087245,88976500,933160187,4641671818367.787,4641.671818367787,,,,,,,,29.976479,27.237017,5.5108895,2.5702527,,,,36.831735100707604,Industrials,Specialty Industrial Machinery,Japan,10113,2021-Q1
6954 JP,FANUC CORP,2021-02-01 00:00:00+09:00,2021,1,2,4787.82763671875,4926.8818562362085,5398.575581266017,4764.197507911862,79290500,933160187,4467810132804.236,4467.810132804237,,,,,,,,29.976479,27.237017,5.5108895,2.5702527,,,,48.93017302637317,Industrials,Specialty Industrial Machinery,Japan,10113,2021-Q1
6954 JP,FANUC CORP,2021-03-01 00:00:00+09:00,2021,1,3,4759.6533203125,4871.442008186939,5087.748574968374,4579.700798368281,98307000,933160187,4441518982437.983,4441.518982437983,,,,,,,,29.976479,27.237017,5.5108895,2.5702527,,,,81.54394964625287,Industrials,Specialty Industrial Machinery,Japan,10113,2021-Q1
6954 JP,FANUC CORP,2021-04-01 00:00:00+09:00,2021,2,4,4611.5498046875,4901.889683155412,5273.744543275198,4601.474919314796,73851500,933160187,4303314678102.001,4303.314678102001,,,,,,,,29.976479,27.237017,5.5108895,2.5702527,,,,42.91204552628418,Industrials,Specialty Industrial Machinery,Japan,10113,2021-Q2
6954 JP,FANUC CORP,2021-05-01 00:00:00+09:00,2021,2,5,4817.626953125,4611.549754559767,4911.964515134862,4426.5382251812025,61145500,933160187,4495617668474.365,4495.617668474365,,,,,,,,29.976479,27.237017,5.5108895,2.5702527,,,,38.53707988856938,Industrials,Specialty Industrial Machinery,Japan,10113,2021-Q2
6954 JP,FANUC CORP,2021-06-01 00:00:00+09:00,2021,2,6,4908.30078125,4845.103775482833,5082.321521768287,4671.083034964546,68610500,933160187,4580230874883.496,4580.230874883496,,,,,,,,29.976479,27.237017,5.5108895,2.5702527,,,,40.81475516517703,Industrials,Specialty Industrial Machinery,Japan,10113,2021-Q2
6954 JP,FANUC CORP,2021-07-01 00:00:00+09:00,2021,3,7,4465.921875,4936.693787171862,5159.257161992412,4442.108509792863,69865500,933160187,4167420492002.3906,4167.42049200239,,,,,,,,29.976479,27.237017,5.5108895,2.5702527,,,,39.37615123477134,Industrials,Specialty Industrial Machinery,Japan,10113,2021-Q3
6954 JP,FANUC CORP,2021-08-01 00:00:00+09:00,2021,3,8,4394.48193359375,4478.744613437565,4631.699695327969,4140.77799536835,74542500,933160187,4100755582920.4653,4100.755582920466,,,,,,,,29.976479,27.237017,5.5108895,2.5702527,,,,30.512240916699284,Industrials,Specialty Industrial Machinery,Japan,10113,2021-Q3
6954 JP,FANUC CORP,2021-09-01 00:00:00+09:00,2021,3,9,4499.8095703125,4456.762338518344,4956.842946169601,4434.78077334686,89025000,933160187,4199043140097.202,4199.043140097202,,,,,,,,29.976479,27.237017,5.5108895,2.5702527,,,,23.577511159457142,Industrials,Specialty Industrial Machinery,Japan,10113,2021-Q3
6954 JP,FANUC CORP,2021-10-01 00:00:00+09:00,2021,4,10,4126.82275390625,4481.977379074337,4677.127446549509,4017.6866972139737,98347500,933160187,3850986692751.011,3850.986692751011,,,,,,,,29.976479,27.237017,5.5108895,2.5702527,,,,2.9637865945978614,Industrials,Specialty Industrial Machinery,Japan,10113,2021-Q4
6954 JP,FANUC CORP,2021-11-01 00:00:00+09:00,2021,4,11,4114.798828125,4217.460700438301,4399.662401751096,4066.7049780322823,75888500,933160187,3839766443920.506,3839.766443920506,,,,,,,,29.976479,27.237017,5.5108895,2.5702527,,,,-10.753536770723727,Industrials,Specialty Industrial Machinery,Japan,10113,2021-Q4
6954 JP,FANUC CORP,2021-12-01 00:00:00+09:00,2021,4,12,4509.72265625,4207.286374750051,4679.900869693396,4159.192531820396,78466000,933160187,4208293637224.3867,4208.293637224387,,,,,,,,29.976479,27.237017,5.5108895,2.5702527,,,,-2.168685418906535,Industrials,Specialty Industrial Machinery,Japan,10113,2021-Q4
6954 JP,FANUC CORP,2022-01-01 00:00:00+09:00,2022,1,1,4154.56787109375,4509.722381890722,4713.196320368154,4024.159574160487,82639000,933160187,3876877331494.0356,3876.877331494036,,,,,,,,29.976479,27.237017,5.5108895,2.5702527,,,,-16.47670315353502,Industrials,Specialty Industrial Machinery,Japan,10113,2022-Q1
6954 JP,FANUC CORP,2022-02-01 00:00:00+09:00,2022,1,2,3913.174560546875,4210.061592911693,4315.498109078638,3727.273334673577,68728000,933160187,3651618704683.5645,3651.6187046835644,,,,,,,,29.976479,27.237017,5.5108895,2.5702527,,,,-18.26826574674485,Industrials,Specialty Industrial Machinery,Japan,10113,2022-Q1
6954 JP,FANUC CORP,2022-03-01 00:00:00+09:00,2022,1,3,4003.8125,3953.868892931393,4149.018913143913,3466.4562832062834,90968000,933160187,3736198421212.9375,3736.1984212129373,,,,,,,,29.976479,27.237017,5.5108895,2.5702527,,,,-15.880165412191715,Industrials,Specialty Industrial Machinery,Japan,10113,2022-Q1
6954 JP,FANUC CORP,2022-04-01 00:00:00+09:00,2022,2,4,3771.132080078125,4039.496797901686,4153.5751796942795,3534.559698163975,74774000,933160187,3519070317047.4023,3519.0703170474026,,,,,,,,29.976479,27.237017,5.5108895,2.5702527,,,,-18.224192737875576,Industrials,Specialty Industrial Machinery,Japan,10113,2022-Q2
6954 JP,FANUC CORP,2022-05-01 00:00:00+09:00,2022,2,5,3946.9248046875,3742.1447686234005,3994.6133062366735,3545.780350479744,97691000,933160187,3683113088817.126,3683.113088817126,,,,,,,,29.976479,27.237017,5.5108895,2.5702527,,,,-18.073257994222878,Industrials,Specialty Industrial Machinery,Japan,10113,2022-Q2
6954 JP,FANUC CORP,2022-06-01 00:00:00+09:00,2022,2,6,3972.172119140625,3963.7565002441406,4162.9261474609375,3743.0802714029946,85943500,933160187,3706672877493.452,3706.6728774934522,,,,,,,,29.976479,27.237017,5.5108895,2.5702527,,,,-19.072357294920504,Industrials,Specialty Industrial Machinery,Japan,10113,2022-Q2
6954 JP,FANUC CORP,2022-07-01 00:00:00+09:00,2022,3,7,4268.58837890625,3970.301480139307,4335.913321574651,3872.1192720812223,79071000,933160187,3983276729886.183,3983.276729886183,,,,,,,,29.976479,27.237017,5.5108895,2.5702527,,,,-4.418650876953601,Industrials,Specialty Industrial Machinery,Japan,10113,2022-Q3
6954 JP,FANUC CORP,2022-08-01 00:00:00+09:00,2022,3,8,4214.35498046875,4254.5629379038855,4662.25292492061,4134.87413437604,78244000,933160187,3932668281658.6,3932.6682816586,,,,,,,,29.976479,27.237017,5.5108895,2.5702527,,,,-4.098934888047079,Industrials,Specialty Industrial Machinery,Japan,10113,2022-Q3
6954 JP,FANUC CORP,2022-09-01 00:00:00+09:00,2022,3,9,3788.898681640625,4164.79632972047,4374.251735615707,3768.3271685616287,77796500,933160187,3535649402283.8193,3535.649402283819,,,,,,,,29.976479,27.237017,5.5108895,2.5702527,,,,-15.798688312547949,Industrials,Specialty Industrial Machinery,Japan,10113,2022-Q3
6954 JP,FANUC CORP,2022-10-01 00:00:00+09:00,2022,4,10,3718.19677734375,3829.9510360616723,4026.9415938017387,3570.4538590387006,96230500,933160187,3469673200048.891,3469.673200048891,,,,,,,,29.976479,27.237017,5.5108895,2.5702527,,,,-9.901708915792772,Industrials,Specialty Industrial Machinery,Japan,10113,2022-Q4
6954 JP,FANUC CORP,2022-11-01 00:00:00+09:00,2022,4,11,3857.416015625,3756.0795281042842,3977.693902682298,3679.3668599811253,65020000,933160187,3599587050477.42,3599.58705047742,,,,,,,,29.976479,27.237017,5.5108895,2.5702527,,,,-6.255052148376405,Industrials,Specialty Industrial Machinery,Japan,10113,2022-Q4
6954 JP,FANUC CORP,2022-12-01 00:00:00+09:00,2022,4,12,3757.0263671875,3947.3874208312327,4025.0471541585266,3751.3439476757467,69777000,933160187,3505907427368.618,3505.9074273686183,,,,,,,,29.976479,27.237017,5.5108895,2.5702527,,,,-16.690522820052855,Industrials,Specialty Industrial Machinery,Japan,10113,2022-Q4
6954 JP,FANUC CORP,2023-01-01 00:00:00+09:00,2023,1,1,4338.52734375,3757.026407477898,4429.446056913064,3722.9318900417484,73942000,933160187,4048540987398.3633,4048.540987398363,,,,,,,,29.976479,27.237017,5.5108895,2.5702527,,,,4.427884640811519,Industrials,Specialty Industrial Machinery,Japan,10113,2023-Q1
6954 JP,FANUC CORP,2023-02-01 00:00:00+09:00,2023,1,2,4388.72265625,4347.051573626996,4446.493929886437,4180.3672431349805,52204500,933160187,4095381254597.3867,4095.381254597387,,,,,,,,29.976479,27.237017,5.5108895,2.5702527,,,,12.152488685213836,Industrials,Specialty Industrial Machinery,Japan,10113,2023-Q1
6954 JP,FANUC CORP,2023-03-01 00:00:00+09:00,2023,1,3,4508.05224609375,4385.880241945411,4668.10704222607,4298.749820382254,76742400,933160187,4206734876970.614,4206.734876970614,,,,,,,,29.976479,27.237017,5.5108895,2.5702527,,,,12.593990005619649,Industrials,Specialty Industrial Machinery,Japan,10113,2023-Q1
6954 JP,FANUC CORP,2023-04-01 00:00:00+09:00,2023,2,4,4397.0390625,4646.163088703966,4647.1212580355195,4224.568582820331,69598000,933160187,4103141793808.8047,4103.141793808804,,,,,,,,29.976479,27.237017,5.5108895,2.5702527,,,,16.597323274047415,Industrials,Specialty Industrial Machinery,Japan,10113,2023-Q2
6954 JP,FANUC CORP,2023-05-01 00:00:00+09:00,2023,2,5,4597.29638671875,4455.487327686992,4700.778673039223,4295.473051617373,72359400,933160187,4290013955924.893,4290.013955924893,,,,,,,,29.976479,27.237017,5.5108895,2.5702527,,,,16.47793191445772,Industrials,Specialty Industrial Machinery,Japan,10113,2023-Q2
6954 JP,FANUC CORP,2023-06-01 00:00:00+09:00,2023,2,6,4821.50732421875,4544.596430598079,5110.874417206442,4492.855294765843,77785300,933160187,4499238676289.838,4499.238676289838,,,,,,,,29.976479,27.237017,5.5108895,2.5702527,,,,21.38213500330084,Industrials,Specialty Industrial Machinery,Japan,10113,2023-Q2
6954 JP,FANUC CORP,2023-07-01 00:00:00+09:00,2023,3,7,4166.11962890625,4892.411873319989,4951.818362968606,4078.9262328090863,72624700,933160187,3887656971974.527,3887.6569719745266,,,,,,,,29.976479,27.237017,5.5108895,2.5702527,,,,-2.40053012622069,Industrials,Specialty Industrial Machinery,Japan,10113,2023-Q3
6954 JP,FANUC CORP,2023-08-01 00:00:00+09:00,2023,3,8,3979.27685546875,4122.044072291491,4136.416610897807,3831.718792443903,85270200,933160187,3713302734573.9907,3713.3027345739906,,,,,,,,29.976479,27.237017,5.5108895,2.5702527,,,,-5.5780333192021025,Industrials,Specialty Industrial Machinery,Japan,10113,2023-Q3
6954 JP,FANUC CORP,2023-09-01 00:00:00+09:00,2023,3,9,3730.152587890625,3968.736711801431,4030.059538830714,3677.4532834123347,84977000,933160187,3480829886454.55,3480.82988645455,,,,,,,,29.976479,27.237017,5.5108895,2.5702527,,,,-1.5504794053918136,Industrials,Specialty Industrial Machinery,Japan,10113,2023-Q3
6954 JP,FANUC CORP,2023-10-01 00:00:00+09:00,2023,4,10,3536.805908203125,3819.5180147444094,4010.2518674452076,3488.396300918658,95982900,933160187,3300406462681.533,3300.4064626815334,,,,,,,,29.976479,27.237017,5.5108895,2.5702527,,,,-4.878463405861188,Industrials,Specialty Industrial Machinery,Japan,10113,2023-Q4
6954 JP,FANUC CORP,2023-11-01 00:00:00+09:00,2023,4,11,3983.142578125,3774.0130698909215,4094.484677416292,3667.5119314383815,83656200,933160187,3716910073050.787,3716.910073050787,,,,,,,,29.976479,27.237017,5.5108895,2.5702527,,,,3.2593467230583206,Industrials,Specialty Industrial Machinery,Japan,10113,2023-Q4
6954 JP,FANUC CORP,2023-12-01 00:00:00+09:00,2023,4,12,4015.093017578125,4009.283864429953,4084.8028553561876,3819.5181949230055,69251900,933160187,3746724951105.5977,3746.7249511055975,,,,,,,,29.976479,27.237017,5.5108895,2.5702527,,,,6.8689070868515945,Industrials,Specialty Industrial Machinery,Japan,10113,2023-Q4
6954 JP,FANUC CORP,2024-01-01 00:00:00+09:00,2024,1,1,3986.047119140625,4015.092883914542,4357.83290824677,3892.132479704958,83179100,933160187,3719620475088.077,3719.620475088077,198749000000.0,198749.0,68773000000.0,34819000000.0,34496000000.0,34496000000.0,4.6787914342815276,29.976479,27.237017,5.5108895,2.5702527,,,,-8.124420953970734,Industrials,Specialty Industrial Machinery,Japan,10113,2024-Q1
6954 JP,FANUC CORP,2024-02-01 00:00:00+09:00,2024,1,2,4232.9365234375,3918.2740417089576,4339.437671099468,3763.3632814733674,78743000,933160187,3950007837770.0674,3950.0078377700675,198749000000.0,198749.0,68773000000.0,34819000000.0,34496000000.0,34496000000.0,4.9685883171362715,29.976479,27.237017,5.5108895,2.5702527,,0.0,,-3.5496919038765062,Industrials,Specialty Industrial Machinery,Japan,10113,2024-Q1
6954 JP,FANUC CORP,2024-03-01 00:00:00+09:00,2024,1,3,4053.821044921875,4250.364076237648,4434.320608011031,4025.743469019622,76379800,933160187,3782864404343.832,3782.864404343832,198749000000.0,198749.0,68773000000.0,34819000000.0,34496000000.0,34496000000.0,4.758343946817131,29.976479,27.237017,5.5108895,2.5702527,,0.0,,-10.075996824692279,Industrials,Specialty Industrial Machinery,Japan,10113,2024-Q1
6954 JP,FANUC CORP,2024-04-01 00:00:00+09:00,2024,2,4,4526.70556640625,4148.094143410957,4609.8631140925545,4067.871567995934,91591400,933160187,4224141412841.597,4224.141412841597,,,,,,,,29.976479,27.237017,5.5108895,2.5702527,,0.0,,2.9489504656009746,Industrials,Specialty Industrial Machinery,Japan,10113,2024-Q2
6954 JP,FANUC CORP,2024-05-01 00:00:00+09:00,2024,2,5,4303.6474609375,4501.268917429742,4645.082551609741,4257.666230961582,57023300,933160187,4015992469430.5127,4015.9924694305128,,,,,,,,29.976479,27.237017,5.5108895,2.5702527,,0.0,0.0,-6.387426458506784,Industrials,Specialty Industrial Machinery,Japan,10113,2024-Q2
6954 JP,FANUC CORP,2024-06-01 00:00:00+09:00,2024,2,6,4313.4306640625,4343.758709103538,4381.913346413232,4081.567868103595,60511200,933160187,4025121765088.0967,4025.1217650880967,,,,,,,,29.976479,27.237017,5.5108895,2.5702527,,0.0,0.0,-10.53771416262601,Industrials,Specialty Industrial Machinery,Japan,10113,2024-Q2
6954 JP,FANUC CORP,2024-07-01 00:00:00+09:00,2024,3,7,4412.24169921875,4354.520577211232,4548.228749372055,3934.819537529448,71718600,933160187,4117328289132.1665,4117.328289132167,,,,,,,,29.976479,27.237017,5.5108895,2.5702527,,0.0,0.0,5.907705304590971,Industrials,Specialty Industrial Machinery,Japan,10113,2024-Q3
6954 JP,FANUC CORP,2024-08-01 00:00:00+09:00,2024,3,8,4194.0751953125,4275.276091326248,4315.387377308943,3545.4463512508746,74982500,933160187,3913743993549.874,3913.743993549874,,,,,,,,29.976479,27.237017,5.5108895,2.5702527,,0.0,0.0,5.397923985825481,Industrials,Specialty Industrial Machinery,Japan,10113,2024-Q3
6954 JP,FANUC CORP,2024-09-01 00:00:00+09:00,2024,3,9,4099.177734375,4252.7746089088605,4401.479863234636,3601.210797191975,79061200,933160187,3825189461155.6113,3825.1894611556113,,,,,,,,29.976479,27.237017,5.5108895,2.5702527,,0.0,0.0,9.893030855690977,Industrials,Specialty Industrial Machinery,Japan,10113,2024-Q3
6954 JP,FANUC CORP,2024-10-01 00:00:00+09:00,2024,4,10,4070.6337890625,4116.115730839735,4266.403886277553,3769.06874032214,77325300,933160187,3798553387810.081,3798.553387810081,,,,,,,,29.976479,27.237017,5.5108895,2.5702527,,0.0,0.0,15.09350229316333,Industrials,Specialty Industrial Machinery,Japan,10113,2024-Q4
6954 JP,FANUC CORP,2024-11-01 00:00:00+09:00,2024,4,11,3843.22412109375,3969.782569125651,4363.300243474844,3607.9045067844336,74110200,933160187,3586343739522.7544,3586.3437395227543,,,,,,,,29.976479,27.237017,5.5108895,2.5702527,,0.0,0.0,-3.5127654681423537,Industrials,Specialty Industrial Machinery,Japan,10113,2024-Q4
6954 JP,FANUC CORP,2024-12-01 00:00:00+09:00,2024,4,12,4127.98046875,3871.897369011976,4168.51872005988,3844.2127095808382,54194100,933160187,3852067026151.0977,3852.0670261510977,,,,,,,,29.976479,27.237017,5.5108895,2.5702527,,0.0,0.0,2.811577482206573,Industrials,Specialty Industrial Machinery,Japan,10113,2024-Q4
6954 JP,FANUC CORP,2025-01-01 00:00:00+09:00,2025,1,1,4606.52978515625,4127.980651003937,4792.412506686487,4017.2420083901793,86551600,933160187,4298630195737.476,4298.630195737476,,,,,,,,29.976479,27.237017,5.5108895,2.5702527,,0.0,0.0,15.566365561413598,Industrials,Specialty Industrial Machinery,Japan,10113,2025-Q1
6954 JP,FANUC CORP,2025-02-01 00:00:00+09:00,2025,1,2,4260.4716796875,4468.106642030126,4545.228199471673,4221.910900966727,54610100,933160187,3975702549325.3916,3975.702549325392,,,,,,,,29.976479,27.237017,5.5108895,2.5702527,,0.0,0.0,0.6504977359698128,Industrials,Specialty Industrial Machinery,Japan,10113,2025-Q1
6954 JP,FANUC CORP,2025-03-01 00:00:00+09:00,2025,1,3,4014.27587890625,4320.784628280865,4430.534535315001,3998.456072486915,71276700,933160187,3745962429829.7456,3745.962429829746,,,,,,,,29.976479,27.237017,5.5108895,2.5702527,,0.0,0.0,-0.9755034960204245,Industrials,Specialty Industrial Machinery,Japan,10113,2025-Q1
6954 JP,FANUC CORP,2025-04-01 00:00:00+09:00,2025,2,4,3654.0,4090.0,4134.0,3038.0,112683000,933160187,3409767323298.0,3409.767323298,,,,,,,,29.976479,27.237017,5.5108895,2.5702527,,0.0,0.0,-19.27904418795876,Industrials,Specialty Industrial Machinery,Japan,10113,2025-Q2
6954 JP,FANUC CORP,2025-05-01 00:00:00+09:00,2025,2,5,3868.0,3665.0,4038.0,3588.0,77741400,933160187,3609463603316.0,3609.463603316,,,,,,,,29.976479,27.237017,5.5108895,2.5702527,,0.0,0.0,-10.122749711534206,Industrials,Specialty Industrial Machinery,Japan,10113,2025-Q2
6954 JP,FANUC CORP,2025-06-01 00:00:00+09:00,2025,2,6,3940.0,3846.0,4009.0,3650.0,64520500,933160187,3676651136780.0,3676.65113678,,,,,,,,29.976479,27.237017,5.5108895,2.5702527,,0.0,0.0,-8.65739345652987,Industrials,Specialty Industrial Machinery,Japan,10113,2025-Q2
6954 JP,FANUC CORP,2025-07-01 00:00:00+09:00,2025,3,7,4271.0,3985.0,4556.0,3699.0,93633800,933160187,3985527158677.0,3985.527158677,,,,,,,,29.976479,27.237017,5.5108895,2.5702527,,0.0,0.0,-3.2011324140234443,Industrials,Specialty Industrial Machinery,Japan,10113,2025-Q3
6954 JP,FANUC CORP,2025-08-01 00:00:00+09:00,2025,3,8,4178.0,4283.0,4629.0,4163.0,66314000,933160187,3898743261286.0,3898.743261286,,,,,,,,29.976479,27.237017,5.5108895,2.5702527,,0.0,0.0,-0.3832834311236599,Industrials,Specialty Industrial Machinery,Japan,10113,2025-Q3
6954 JP,FANUC CORP,2025-09-01 00:00:00+09:00,2025,3,9,4262.0,4149.0,4365.0,4056.0,66507000,933160187,3977128716994.0,3977.128716994,,,,,,,,29.976479,27.237017,5.5108895,2.5702527,,0.0,0.0,3.9720713805503127,Industrials,Specialty Industrial Machinery,Japan,10113,2025-Q3
6954 JP,FANUC CORP,2025-10-01 00:00:00+09:00,2025,4,10,4715.0,4234.0,4737.0,4096.0,32457600,933160187,4399850281705.0,4399.850281705,,,,,,,,29.976479,27.237017,5.5108895,2.5702527,,0.0,0.0,15.829628611369206,Industrials,Specialty Industrial Machinery,Japan,10113,2025-Q4
